3058 5150
625 565 883 624 ...ff-⁴.

234 765 316 836 quas
327 749 360 814 iu
376 746 542 814 Phaedone
554 747 693 816 indicavi
705 799 715 828 ,
728 754 759 814 et
771 747 961 835 glossemata
974 766 1055 834 quae
1064 747 1238 832 dicuntur,

235 869 329 956 quale
338 879 387 936 est
396 889 457 936 nou
467 869 738 936 contemnendum
750 868 943 952 βραχύτερον
951 877 1045 936 ποιεῖν
1058 869 1097 936 ad
1111 871 1199 938 cauri
1226 909 1240 926 ·

194 1028 195 1031 =
235 1015 293 1056 νειν
308 991 445 1079 (Protag.
460 991 596 1080 5541)),
619 993 653 1057 in
671 967 755 1078 quod
773 1010 876 1078 nuper
888 989 1002 1069 incidi,
1016 989 1130 1056 scribi's
1143 990 1239 1078 vulgo

235 1112 356 1196 optime
387 1100 508 1199 scripta
541 1110 813 1198 intelligentibus,
844 1110 1104 1198 interpolationes
1131 1119 1239 1178 autem

235 1251 367 1318 prorsus
389 1231 516 1318 ineptae
536 1232 570 1298 in
593 1230 709 1318 Gorgia
733 1251 882 1319 perverse
904 1231 954 1298 vel
977 1232 1084 1318 potius
1112 1233 1242 1298 omnino

236 1371 300 1420 non
316 1351 568 1438 intelligentibus
587 1354 707 1438 scripta
731 1351 898 1420 debentur.
947 1352 981 1418 Si
1003 1355 1105 1438 igitur
1127 1353 1242 1420 critica

172 1475 174 1479 ’
236 1475 269 1538 in
293 1472 364 1542 aliis
389 1471 576 1540 auctoribus
595 1472 726 1540 Graecis
748 1473 891 1540 nondum
914 1472 1115 1560 indagaverit
1137 1491 1242 1560 neque

235 1595 397 1660 sanaverit
420 1592 540 1662 similia
572 1589 634 1673 iis,
658 1613 740 1680 quae
764 1595 962 1682 primum‘in
992 1593 1243 1681 argumentatio·

235 1714 332 1782 nibus
356 1714 549 1792 Socraticis,
573 1707 689 1781 deinde
713 1715 847 1782 eandem
871 1716 956 1782 viam
973 1715 1112 1802 ingressi
1135 1717 1168 1781 in
1191 1735 1242 1782 re-

236 1835 334 1922 liquis
359 1833 499 1903 Platonis
519 1834 625 1904 verbis
649 1835 792 1902 indicare
816 1844 849 1904 et
863 1836 1033 1922 surrigere
1055 1833 1242 1912 studemus,

142 1939 149 1954 ’
236 1977 276 2024 ne
298 1957 464 2024 existimes
488 1957 611 2024 scribas
634 1957 739 2043 magis
766 1957 947 2044 pepercisse
978 1956 1112 2044 reliquis
1134 1964 1242 2023 aucto·
1347 1980 1351 1994 .

236 2077 346 2157 ribus,
379 2077 434 2143 sed
460 2079 568 2164 potius
601 2076 833 2164 ejusdemmodi
864 2077 942 2144 uitia
970 2076 1091 2144 adbuc.
1106 2075 1242 2150 latentia

238 2200 270 2262 in
291 2197 332 2262 iis
350 2217 481 2265 manum
500 2199 692 2266 correctoris
708 2217 855 2277 manere,
869 2216 1065 2286 quamquam
1087 2199 1121 2264 in
1138 2197 1241 2264 omni·

237 2318 298 2384 bus
329 2317 398 2404 jam
428 2317 551 2395 multa,
586 2319 799 2405 grammatica
830 2318 932 2398 duee,
967 2319 1129 2406 imprimis
1161 2331 1243 2406 quae

237 2446 385 2524 spectant
403 2437 442 2506 ad
462 2437 723 2526 orthographiam
735 2489 736 2492 ,
748 2440 962 2507 emendarunt
978 2441 1097 2506 critici.
1142 2441 1242 2526 Equi-

237 2558 311 2628 dem
329 2560 414 2630 enim
433 2579 497 2626 non
517 2558 652 2640 dubito,
678 2561 756 2647 quin
776 2562 831 2648 qui
850 2561 950 2628 alium
973 2560 1143 2649 quemdam
1161 2559 1244 2628 ‘scri-

238 2689 365 2767 ptorum
391 2679 584 2748 Graecorum
614 2682 648 2746 iu
677 2701 811 2748 succum
832 2690 864 2748 et
883 2684 1074 2768 sanguinem
1092 2685 1243 2762 verterit,

238 2803 265 2869 si
301 2800 418 2868 viderit
444 2800 607 2884 permulta
632 2801 711 2868 baec
746 2802 868 2868 indicia
900 2803 1033 2884 stolidae
1063 2799 1243 2870 scribarum

240 2921 410 3001 audaciae,
444 2920 525 2989 nibil
558 2921 625 2990 sere
655 2943 716 2989 non
750 2925 946 2990 mutantium
981 2925 1015 2990 in
1050 2925 1180 2996 Platone
1206 2943 1244 2991 ac

239 3043 482 3121 mutilantium,
499 3045 618 3110 ,acrius
647 3053 877 3130 persecuturus
900 3045 943 3110 sit
968 3043 1094 3112 scribas
1116 3045 1246 3132 maj0ri÷

240 3182 302 3248 que
333 3183 407 3230 cum
442 3162 560 3231 fiducia
580 3170 766 3230 conaturus
799 3143 983 3252 abstergere
1019 3165 1148 3246 lutum,
1182 3185 1245 3252 quo

240 3283 336 3372 eliam
357 3282 435 3348 alios
456 3291 605 3350 auctores
627 3283 867 3372 suppleverunt.
891 3265 895 3276 ’
1117 3359 1120 3364 ,

285 3403 502 3490 lmplicatiora
537 3405 637 3490 igitur
678 3405 849 3491 quaedam.
867 3407 1070 3494 expeditum,
1103 3408 1245 3497 primunr

240 3498 536 3611 argumentationes
559 3523 784 3623 emendemus,
808 3547 891 3614 quae
912 3527 1068 3616 leguntur
1086 3531 1119 3595 in
1147 3529 1244 3614 Gorg.

173 3623 176 3632 ¹
243 3651 308 3714 470
328 3654 361 3712 et
380 3648 468 3722 478,
487 3642 601 3714 deinde
624 3622 751 3728 locum,
776 3648 809 3714 iu
832 3669 895 3736 quo
918 3670 981 3715 non
1005 3659 1055 3716 est
1074 3668 1247 3736 argumen·
1349 3665 1352 3671 ·

242 3768 320 3836 tatio
346 3765 534 3854 ¹Socratica,
556 3766 791 3852 perlustremus
815 3769 987 3857 sordesque
1009 3771 1044 3835 in
1069 3790 1106 3836 eo
1126 3770 1247 3838 iudice-

240 3905 316 3952 mus
338 3895 370 3954 et
394 3885 541 3953 eluamus
572 3860 700 3954 similes
717 3890 778 3969 iis,
801 3888 922 3977 quibus
949 3893 1247 3977 argumentationes

224 4004 386 4077 -loedatae
409 4018 496 4076 sunt.
553 4009 590 4075 ln
616 4014 683 4076 470
701 4010 739 4077 Α.
777 4010 855 4078 baec
878 4012 1047 4098 leguntur:
1077 4016 1200 4086 abacia,
1223 4006 1246 4074 ὦ

237 4124 417 4205 denudare,
441 4129 476 4194 τὸ
495 4131 584 4210 μέγα
604 4129 748 4197 δύνασθαι
767 4131 864 4199 πάλιν
879 4130 919 4200 αὖ
939 4158 985 4218 coi
1006 4133 1171 4217 φαίνὲται,
1185 4130 1247 4196 ,ἐὰν

240 4247 299 4326 μὲν
327 4247 489 4331 πράττοντι
523 4249 653 4320 dionei
679 4249 792 4332 ἕπηται
822 4256 857 4322 τὸ
885 4255 1048 4339 ὠφελίμως
1080 4251 1248 4337 πράττειν,
