3058 5150
619 613 668 627 ¹-
715 584 755 644 “25
801 599 851 628 -·-‘

231 771 314 838 lati?
362 766 456 834 Nulla
480 787 634 854 prorsus,
660 769 687 833 si
709 768 838 853 quidem
862 769 904 850 τῷ
926 773 1034 852 σοφῶς
1053 769 1159 834 εἰδέναι
1180 789 1236 856 op·

232 893 365 980 ponitur
399 893 432 956 τὸ
460 889 662 968 ὑποπτεύειν,
692 889 726 954 τὸ
754 887 920 970 τοπύζεοο,
952 890 986 961 τὸ
1011 889 1138 966 creatur,
1163 891 1234 956 sim.

234 1009 502 1100 quemadmodum
535 1010 689 1076 discimus
719 1031 757 1075 ex
790 1009 1061 1076 manifestissimis
1084 1011 1237 1098 exemplis

232 1135 306 1199 his:
330 1131 423 1218 Gorg.
449 1135 514 1198 489
534 1131 572 1197 ll.
607 1132 667 1210 ἐγὼ
691 1132 748 1210 μὲν
770 1171 816 1180 -
835 1131 938 1197 uolam
962 1130 1086 1212 τοπύζω
1105 1130 1237 1198 τοωύτύο
1304 1187 1311 1197 s

233 1279 263 1320 rr
288 1279 321 1320 οε
352 1254 455 1333 λέγειν
475 1254 510 1320 τὸ
534 1262 689 1334 κρεῖττον,
724 1253 776 1318 κού
801 1255 934 1334 ύοερωτύ
963 1250 1151 1335 γλιχόμενος
1182 1278 1237 1319 οοο-

144 1457 148 1478 .
233 1381 299 1457 Φῶς
322 1375 429 1440 sillum
455 1371 473 1440 ὑ
493 1398 523 1440 το
546 1375 663 1452 λέγεις.
724 1374 801 1460 Rep.
828 1379 889 1440 341
907 1377 942 1440 Α.
966 1375 1019 1440 οἴει
1043 1374 1105 1456 pap
1127 1401 1170 1455 με
1193 1413 1238 1425 -

233 1520 268 1560 σε
295 1495 432 1577 ε’ρέούοω,
465 1498 504 1568 ὡς
529 1494 659 1577 viridum
692 1493 739 1560 Εὖ
760 1496 816 1574 μὲν
848 1490 897 1560 οὖν
924 1491 994 1561 older
1022 1495 1084 1560 κπὲ.
1121 1495 1238 1581 quihus

233 1635 324 1682 nemo
348 1637 409 1681 non
432 1616 532 1682 multa
557 1616 701 1702 exenrpla
726 1616 842 1682 addere
868 1627 985 1702 posset.
1033 1617 1111 1683 Cum
1138 1621 1238 1702 igitur
1282 1603 1284 1608 ’

233 1739 391 1804 ὑποπτεύω
405 1739 438 1801 in
453 1737 568 1803 talibus
581 1739 623 1802 sit
635 1737 702 1803 lere
713 1736 871 1818 τοῖομοοο,
884 1739 918 1802 in
931 1739 1091 1818 ὑποπτεύω
1104 1734 1139 1813 ἣν
1151 1736 1235 1818 οἶμαι

232 1867 280 1924 est
300 1857 475 1943 tautologia
495 1856 580 1923 haud
600 1857 757 1923 absimilis
778 1859 807 1923 ei
819 1907 829 1934 ,
843 1879 925 1944 quae
943 1867 993 1925 est
1012 1863 1045 1923 in
1064 1880 1158 1947 supra
1181 1881 1237 1926 ex·

199 1991 202 1997 '
230 1981 335 2066 plosis
351 1976 552 2060 κολαζόμενος
573 1979 654 2054 δίκην
681 1979 786 2051 διδούς.
835 1977 896 2045 Sed
921 1989 1085 2067 praeterea
1107 1985 1237 2048 coutenss

231 2099 339 2164 dimus
364 2101 506 2164 Atticum
536 2119 715 2166 sermonem
741 2102 906 2185 requirere
929 2101 1055 2188 ellipsin
1091 2103 1237 2190 postilla

232 2218 390 2284 ὑποπτεύω
410 2244 471 2298 γε,
501 2219 541 2284 ad
565 2239 647 2304 quae
671 2210 864 2304 cogitatione
891 2222 1105 2308 supplendum
1132 2232 1236 2290 totum

233 2337 391 2424 objectum
403 2345 456 2405 τοὺ
474 2346 583 2423 σοφῶς
603 2343 654 2406 ούκ
674 2337 751 2407 olle.
800 2340 902 2421 Quam
921 2342 1045 2428 ellipsin
1060 2365 1133 2409 cum
1155 2345 1236 2411 male

233 2459 448 2546 suppleverint
480 2460 710 2546 subjungentes
743 2458 832 2541 οἶμοι
863 2462 941 2529 illud
970 2467 1010 2546 τῷ
1052 2465 1235 2543 ὑποπτεύω,

233 2582 325 2666 quasi
337 2583 387 2648 ἐπ’
399 2583 560 2664 ωὑτοφύρῳ
574 2581 842 2669 deprehendimus
855 2585 1000 2663 eosdem,
1018 2585 1134 2671 quibus
1148 2606 1235 2652 man-

231 2722 304 2768 cam
330 2701 456 2788 ellipsin
485 2702 517 2766 in
543 2707 608 2768 470
627 2705 664 2768 Α.
700 2702 808 2769 deberi
833 2704 1122 2772 demonstravimus
1141 2727 1235 2792 argu·

229 2829 339 2888 menta
363 2820 532 2888 afferentes
550 2823 646 2889 ctiam
671 2843 709 2888 ex
734 2823 899 2890 dialectica
913 2825 1085 2893 Socratica.
1128 2827 1167 2894 Ut
1190 2827 1236 2892 di·

232 2963 302 3006 cam
323 2963 419 3029 quam
433 2949 552 3008 sortem
565 2943 670 3008 locum
687 2943 836 3010 habuisse
853 2955 981 3030 putem,
994 2944 1145 3012 liluarius
1163 2966 1235 3013 sen·

234 3065 283 3126 sui
304 3062 519 3150 opitulaturus
539 3063 579 3128 ad
604 3065 762 3130 ὑποπτεύω
782 3090 821 3144 γε
847 3066 954 3131 auimo
984 3069 1167 3154 concepisse
1190 3070 1235 3135 vi·

234 3178 328 3247 detur
351 3182 427 3249 haec
454 3184 571 3266 verba:
596 3185 628 3249 ού
648 3187 708 3263 μὴν
735 3187 808 3251 ἀλλ’
833 3181 923 3268 claci
943 3188 979 3266 γ’
1008 3188 1118 3254 sillani
1142 3185 1176 3263 ἣν
1197 3191 1235 3254 οὺ

232 3301 339 3380 abysis
362 3305 413 3398 κού
436 3304 503 3385 περὶ
528 3302 586 3382 ὧν,
622 3305 677 3370 sed
704 3325 741 3371 ea
770 3308 887 3391 partim
918 3306 1035 3374 litteris
1067 3309 1236 3376 mandasse

232 3422 430 3509 verbumque
452 3425 610 3490 ὑποπτεύω
623 3428 780 3492 ‘omittere
798 3426 915 3492 oblitus
929 3433 1028 3507 esse,
1051 3429 1101 3495 vel
1121 3431 1233 3498 saltem
1296 3418 1302 3430 ’

231 3565 295 3609 non
316 3546 474 3620 sensisse,
499 3564 593 3630 quarn
619 3545 793 3612 absurdum
816 3548 858 3613 sit
881 3547 960 3613 illud
984 3545 1069 3629 οἶμοι
1097 3552 1144 3616 sic
1163 3561 1235 3638 post

232 3663 394 3731 ὑποπτεύω
417 3666 568 3752 positum.
622 3666 800 3752 Ahjioimus
823 3669 924 3754 igitur
955 3673 1033 3736 istas
1067 3671 1177 3738 sordes
1200 3665 1235 3748 ἣν

234 3780 319 3861 artur
348 3809 383 3879 a
412 3785 516 3864 πωπω
543 3787 595 3852 ππ
627 3788 692 3868 περὶ
723 3785 761 3853 ω
796 3799 827 3854 ω
857 3763 1061 3868 restituimus
1096 3792 1240 3880 ellipsin..

234 3902 313 3969 Vide
336 3905 517 3992 exemplum
537 3906 587 3972 vel
608 3908 641 3972 in
666 3909 903 3993 proximis-449
916 3912 951 3976 B.
966 3916 1054 3978 -ού
1073 3915 1234 3992 alienari

233 4025 417 4106 πεοροὺοομού
440 4031 474 4107 γ’
498 4031 536 4102 aa
556 4029 607 4094 ara
635 4028 857 4112 βοωχοτοὶτωο.
882 4052 1076 4120 quamquam
1100 4034 1151 4099 hic
1175 4055 1233 4114 ‚ne-

232 4147 372 4211 cessario
390 4156 516 4232 practer
535 4147 659 4234 ellipsin
684 4151 842 4217 accedunt
866 4171 957 4220 voces
979 4157 1018 4227 ὡς
1040 4155 1090 4220 δύο
1109 4154 1233 4237 βρωχο-
1274 4129 1279 4142 ’

231 4266 350 4348 τούτων,
375 4271 526 4355 quoniam
547 4269 606 4337 hae
625 4289 663 4338 ex
683 4269 913 4358 adjectivorum
935 4275 1078 4361 positivis
1097 4275 1233 4363 intelligi
