3058 5150
515 439 531 550 ι
675 483 898 546 -16-

284 676 314 740 si
336 671 571 768 quis,soet'eoa
594 687 671 754 quoe
705 667 765 733 ribi
787 667 967 743 videantur,
992 689 1031 733 οοο
1052 668 1092 732 iia
1120 667 1288 734 commodi·

221 835 226 846 ·
284 790 565 880 commoramini,
591 789 611 853 i.
630 808 660 854 c.
685 786 821 854 Graece:
847 789 901 854 εὀὶν
920 789 962 871 τῷ
983 787 1147 871 πράττοντι
1166 785 1188 854 ii
1208 789 1291 854 δοκεῖ

286 916 370 997 αὐτῷ
390 909 500 987 ἕπντοιι
518 912 552 976 τὸ
574 909 737 992 ὠφελίμως
761 906 916 989 προέπτειν.
962 907 1050 988 Quae
1070 907 1186 974 deinde
1206 909 1288 984 otni‘,

164 1034 166 1041 ⁴
286 1037 389 1100 simus
407 1032 459 1098 tot
476 1034 583 1107 τοῦτο,
595 1032 635 1104 ὥς
652 1027 763 1106 ἔοικεν,
787 1028 852 1094 ἐστὶ
873 1029 907 1094 τὸ
926 1027 1015 1108 μένοι
1032 1029 1195 1109 δύνασθαι,
1213 1049 1303 1096 eave-

284 1162 378 1242 putes
401 1173 458 1219 nos
493 1128 572 1218 haec
605 1148 744 1240 abjicere
769 1156 900 1242 propter
922 1146 1170 1216 anacoluthiam.
1218 1149 1289 1218 hita

282 1273 456 1341 afferemus
478 1278 680 1358 argumenta.
728 1270 792 1336 Fao
813 1269 932 1337 nullam
952 1290 1022 1339 esse
1038 1269 1289 1350 anacoluthiam‚

285 1394 341 1462 sed
361 1393 633 1461 constructionem
654 1390 804 1458 omnibns
822 1391 967 1458 numeris
983 1389 1173 1458 absolutam.
1204 1391 1289 1458 Dixi·

284 1535 359 1582 mus
384 1514 545 1581 Socratem
577 1511 636 1578 hoo
658 1511 902 1600 solnm'agere,
923 1520 960 1578 ut
983 1509 1172 1599 persuadeat
1193 1511 1290 1590 Polo,

284 1638 329 1717 oh
351 1636 439 1716 μένοι
459 1633 605 1702 ottonom
627 1639 784 1721 tyrannos
801 1639 834 1698 et
865 1631 1008 1699 rhetores
1031 1630 1184 1698 facientes
1203 1627 1226 1698 a
1242 1632 1292 1698 to:

285 1765 335 1825 κεῖ
352 1759 467 1832 cirria.
512 1754 617 1840 Atque
637 1761 763 1819 tantum
788 1751 900 1830 abest,
925 1761 962 1818 ut
992 1751 1140 1820 Socrates
1162 1751 1197 1816 τὸ
1221 1751 1289 1818 sive

284 1878 406 1952 δικοίονς
430 1877 496 1942 sive
527 1873 637 1950 ἄδικος
659 1873 872 1951 οὶποκτιννύνοιι
897 1882 959 1940 eto.
993 1872 1111 1939 dixerit
1130 1872 1218 1952 μένοι
1237 1871 1289 1938 ht-

283 2001 413 2072 νοοθοι,
440 2004 476 2062 nt
499 1995 603 2082 potius
623 2005 756 2074 contra,
780 1996 837 2083 qni
859 1993 1034 2062 secundum
1057 1992 1168 2060 Polum
1191 1992 1290 2060 talem

285 2125 474 2208 potestatem
490 2114 705 2184 interficiendi
725 2123 787 2190 eto.
805 2115 943 2195 hahent,
963 2135 1017 2184 eos
1037 2114 1123 2210 dicat
1142 2117 1288 2186 omnium

284 2241 403 2308 civium
428 2236 595 2318 ἐλάχιστον
615 2236 763 2325 hironimi
783 2243 815 2302 et
843 2256 883 2302 ne
906 2237 1077 2318 νομίζεσθαι
1100 2235 1229 2323 quidem
1253 2237 1287 2304 in

284 2357 478 2450 civitatibus¹
495 2357 573 2446 (466
586 2356 647 2446 B),
669 2364 704 2423 et
727 2364 765 2422 ut
787 2357 838 2423 τὸν
861 2356 910 2424 vel
930 2357 1052 2432 δικαίως
1064 2358 1290 2436 ἀποκτιννύντιο

282 2499 416 2570 prorsus
439 2475 594 2558 οὶζήνιοντον
625 2476 712 2544 dicat
737 2477 814 2567 (469
836 2475 884 2566 Β).
932 2477 1010 2545 Cum
1041 2478 1142 2564 igitur
1171 2499 1229 2566 per
1251 2479 1288 2546 ri

283 2601 374 2684 μένοι
401 2596 762 2688 hironimisecundum
791 2597 966 2674 Polum:
997 2599 1031 2664 τὸ
1047 2591 1200 2681 repararit
1221 2605 1286 2672 eic.

284 2726 349 2789 469
362 2719 397 2809 C)
418 2718 580 2806 imprimis
599 2718 651 2786 hic
671 2717 912 2805 intelligendum
938 2721 980 2814 sit
1001 2719 1035 2784 τὸ
1055 2720 1287 2798 οὶτοκτιννύνοι,

282 2841 452 2923 ἐκβάλλειν
475 2846 560 2917 etc,
596 2837 665 2905 fieri
687 2858 749 2904 non
775 2845 899 2925 potest,
935 2846 971 2904 ut
1004 2837 1063 2904 hoc
1087 2838 1176 2918 μένοι
1199 2839 1287 2908 hira·

283 2967 353 3030 otoo
377 2961 442 3028 ullo
466 2959 600 3027 modoa
624 2958 755 3051 Socrate
777 2959 906 3032 dicatur
940 2959 1007 3026 sive
1029 2958 1117 3039 μένοι
1140 2958 1285 3028 hirenius

281 3103 354 3165 esse
374 3059 443 3148 sire
465 3080 589 3162 σμικρὸν
612 3080 766 3147 tironiae.
814 3079 955 3162 Quaerat
978 3080 1074 3166 quis,
1099 3100 1159 3172 cur
1176 3089 1289 3150 tamen

282 3205 344 3273 hoc
368 3203 453 3274 idem
477 3201 624 3269 Socrates
644 3201 765 3292 οἱνοθὸν
783 3199 881 3278 dicat.
941 3200 1026 3268 Dicit
1058 3208 1090 3267 et
1112 3200 1165 3268 hio
1189 3210 1221 3270 et
1251 3204 1288 3278 in

284 3325 383 3394 468ss
410 3323 469 3402 ah,
500 3342 562 3388 non
587 3342 702 3408 nego,¹
718 3320 773 3388 sed
804 3328 931 3391 tantum
962 3341 999 3389 eo
1025 3321 1158 3402 oonsilio
1182 3323 1286 3391 utitur

251 3497 265 3528 ,
283 3439 438 3534 adjectivo
461 3444 600 3522 ἄνοδον,
625 3450 660 3509 nt
680 3461 753 3508 mox
777 3441 940 3529 epitheton
962 3442 1054 3509 κοινὸν
1077 3443 1107 3508 ei
1128 3450 1264 3530 opponat
1274 3491 1287 3520 ,,

283 3562 552 3655 quemadmodum
575 3563 608 3628 in
635 3562 747 3629 4700.
772 3559 925 3630 antithesi
949 3566 1002 3628 τοῦ
1032 3560 1154 3643 ἄμεινον
1177 3571 1209 3630 et
1227 3563 1284 3630 xat-

282 3711 344 3756 κιοι
363 3688 490 3764 utitur,
513 3703 612 3772 quum
630 3679 741 3749 'tamen
765 3681 903 3750 multum
929 3681 1029 3763 absit,
1052 3691 1089 3749 nt
1105 3683 1140 3749 τὸ
1162 3681 1284 3756 δικοίιος

282 3809 517 3889 ἀποκτιννύνοιι,
553 3821 745 3892 quamquam
768 3802 855 3875 dicat
885 3801 1024 3884 ἄμεινον,
1056 3820 1166 3869 revera
1197 3801 1286 3883 μένοι

282 3929 427 3998 tironiae
443 3947 512 3994 esse
531 3923 712 3993 contendat.
760 3923 827 3989 an
846 3924 948 4010 igitur
968 3941 1067 3990 unum
1085 3923 1284 4010 propositum

283 4051 343 4118 sihi
366 4046 500 4116 hahebat
521 4044 668 4112 Socrates
685 4042 760 4111 inde
783 4063 801 4108 a
823 4043 986 4111 verbistn
1000 4040 1285 4133 μοικοὶριεμόθῼ),

184 4231 187 4234 ,
283 4180 319 4238 ιιι
343 4173 459 4240 iterum
485 4168 632 4257 probaret
655 4165 746 4232 κοινὸν
769 4184 838 4234 esse
861 4168 895 4233 τὸ
914 4164 1003 4246 μένοι
1023 4163 1179 4233 δύνονονοι.
1217 4163 1285 4244 Quo
