3058 5150
714 553 936 616 „52-

322 733 439 812 upote
475 729 551 798 εἶνοον
587 727 627 814 νῷ
659 729 842 814 ἔννοοριένῳ.1
864 714 925 798 ΙΠ.
952 732 1034 811 Φημὶ
1063 734 1124 815 γὰρ
1152 730 1210 801 οὖν.
1258 734 1322 803 Pol.

322 855 410 932 eeu,
435 852 505 930 bis,
529 850 569 918 al.
618 851 763 939 Xenoph.
786 851 902 918 Oecon.
926 851 1022 918 XVII.
1046 858 1074 918 1.
1100 853 1171 936 Περὶ
1195 857 1251 934 μὲν
1269 863 1323 931 τῆς

321 979 385 1040 νεοῦ
409 975 479 1058 ὁρᾷς
499 1011 564 1050 -,
600 976 637 1047 ὡς
659 973 842 1056 ἀμφοτέροις
868 975 947 1052 ἡμῖν,
964 975 1069 1041 roure
1088 976 1175 1041 δοκεῖ.
1200 1043 1202 1048 ,
1232 985 1324 1043 Δοκεῖ
1372 1059 1375 1072 Ι

321 1095 384 1174 γὰρ
409 1088 470 1161 οὖν.
519 1093 575 1160 Est
600 1093 701 1179 igitur
720 1093 798 1159 haee
818 1092 960 1158 formula
983 1105 1112 1171 contra,
1137 1115 1197 1160 uon
1228 1099 1351 1182 couri-⁶

321 1214 450 1299 gentis,
481 1213 536 1280 sed
568 1213 686 1280 diserte
721 1211 928 1300 approbantis
959 1215 1102 1300 proxime
1132 1216 1328 1301 praecedens

321 1332 456 1399 dietum.
515 1333 556 1399 Ut
590 1334 733 1420 exemplo
763 1342 857 1411 utar,
893 1332 978 1400 unde
1002 1334 1098 1400 simul
1129 1338 1328 1402 constructio

320 1453 463 1531 eluceat,
499 1452 538 1519 ad
561 1452 657 1519 verbe
681 1491 725 1502 -—
750 1458 814 1528 πᾶς
837 1450 926 1527 οὗτός
948 1455 983 1531 η’
1008 1456 1022 1520 ὃ
1046 1455 1080 1520 ἐκ
1105 1457 1211 1529 nordio
1232 1458 1326 1540 μέχρι

231 1575 234 1582 ’
320 1573 495 1658 πρεσβύτου
517 1574 623 1656 χρόνος
642 1574 712 1654 πρὸς
736 1573 786 1638 τὸν
809 1559 915 1639 mim
934 1573 1037 1654 ὀλίγος
1057 1575 1114 1640 nod
1133 1599 1178 1650 τις
1203 1576 1241 1643 ἔον
1266 1577 1324 1653 εἴη.

320 1695 513 1782 corrigentis
548 1701 596 1761 est
630 1714 818 1780 responsum
843 1694 937 1768 οὐδεὶς
965 1695 1021 1773 μὲν
1047 1693 1111 1772 οὖν,
1144 1697 1259 1782 ojentis
1294 1707 1327 1764 et

320 1814 525 1902 approbantis
548 1814 652 1892 neo
678 1814 741 1895 γὰρ
765 1811 824 1880 οὖν.
848 1812 888 1878 ad
916 1816 948 1880 οὐ
972 1816 1045 1897 die·
1070 1817 1248 1903 approbans
1274 1837 1323 1884 re-

320 1933 454 2022 spondet
484 1934 517 1998 οὐ
538 1933 600 2015 γὰρ
620 1929 688 2011 οὖν,
713 1935 879 2018 corrigens
901 1935 985 2018 φημὶ
1012 1936 1068 2015 μὲν
1087 1933 1144 2004 οὖν.
1191 1937 1245 2003 Uti
1265 1938 1323 2022 igi-

319 2066 374 2124 tur
396 2057 437 2138 τῷ
451 2053 535 2133 φημὶ
559 2054 615 2132 μὲν
634 2051 682 2120 οὖν
699 2055 862 2139 praemitti
886 2075 948 2121 uon
972 2064 1075 2141 potest
1105 2059 1157 2122 οὐκ
1180 2056 1321 2141 ἔφηοέοο,

319 2195 422 2260 neque
440 2176 472 2238 in
494 2173 588 2258 Gorg.
610 2177 686 2239 466.
712 2171 789 2257 ἔφης
814 2172 1039 2261 terripotest,
1064 2187 1216 2262 sequente
1239 2178 1322 2262 φημὶ

320 2297 381 2378 γὰρ
405 2292 472 2371 οὖν,
498 2293 553 2360 sed
576 2295 755 2379 requiritur
774 2297 857 2377 φηςι
882 2269 950 2381 ipsa
972 2297 1058 2361 enim
1080 2298 1164 2380 φημὶ
1189 2300 1252 2380 γὰρ
1274 2296 1323 2366 οὖν

319 2417 436 2502 optime
461 2435 493 2482 se
515 2412 650 2492 hubent,
673 2423 705 2480 et
727 2415 810 2497 φημὶ
835 2415 905 2481 ideo
929 2418 1050 2482 mutari
1066 2437 1136 2483 ⁴non
1160 2427 1265 2505 potest
1287 2420 1321 2484 in

319 2535 414 2619 ἔφην,
448 2544 485 2601 ut
516 2537 693 2608 retineatur
720 2535 799 2601 illud
823 2526 920 2620 ἔφης,
958 2537 1006 2604 vel
1038 2540 1145 2625 potius
1178 2541 1320 2606 Altinum
1389 2566 1394 2574 ·

319 2657 456 2738 ἔφηοέν,
480 2655 564 2742 quod
584 2656 854 2743 cumimperleoto
873 2657 950 2741 ἔφην
962 2659 1069 2744 potius
1087 2658 1164 2740 γὰρ,
1177 2647 1238 2725 uon
1255 2660 1317 2738 γὰρ

317 2775 365 2843 οὖν
386 2775 595 2861 conjungunt.
628 2776 715 2841 Talia
739 2786 964 2864 persequentes
980 2778 1052 2845 vide
1080 2797 1176 2864 quam
1196 2785 1315 2844 certam

317 2899 484 2964 scientium
508 2896 599 2962 nohis
630 2917 789 2982 paremus.
847 2900 884 2964 In
906 2899 1001 2984 Gorg.
1023 2904 1085 2967 454
1105 2901 1140 2965 [i.
1173 2897 1317 2964 nonnulli

316 3017 486 3084 ediderunt
508 3023 608 3090 Δῆλον
633 3016 695 3098 γὰρ
727 3012 775 3083 οὖν
797 3015 842 3084 ἔτι
867 3023 899 3086 οὐ
924 3019 1038 3086 nodulo
1069 3023 1160 3115 dorin
1185 3018 1319 3105 plurimi

316 3126 501 3218 Δῆλοννοέρ
522 3132 561 3201 οὗ
581 3135 626 3202 ἔτι
651 3138 717 3204 uri.
777 3137 838 3203 Sed
863 3138 913 3204 his
939 3137 987 3205 οὖν
1008 3149 1040 3206 et
1063 3135 1102 3206 nul
1123 3160 1184 3205 nou
1207 3139 1319 3206 absur-

315 3260 388 3326 dius
408 3259 461 3334 ἔον,
485 3257 569 3343 quod
595 3277 678 3322 unus
703 3257 802 3324 oodex
821 3258 924 3326 habet.
972 3260 1017 3326 lle
1039 3261 1102 3342 γὰρ
1123 3259 1171 3327 οὖν
1191 3261 1225 3326 in
1246 3281 1317 3327 eon·
1432 3267 1434 3270 ’

315 3380 456 3466 elusione
487 3379 555 3464 ipse
575 3377 641 3463 juin
663 3377 799 3463 judiees.
854 3379 895 3446 Et
919 3379 1005 3446 nulla
1036 3380 1199 3468 praeeedit
1225 3401 1316 3466 orgu-

314 3501 490 3575 mentatio,
514 3498 598 3565 unde
625 3499 831 3578 conficiatur,
863 3500 984 3587 aliquid
1007 3502 1095 3577 δῆλον
1118 3521 1209 3578 esse,
1233 3497 1314 3586 quod

314 3623 399 3689 idern
425 3641 511 3688 nune
535 3617 575 3685 οὗ
606 3621 693 3696 δῆλον
718 3620 804 3686 dieat
828 3622 983 3688 Socrates.
1044 3623 1187 3689 Aliaria
1214 3622 1315 3705 igitur

272 3737 276 3749 '
315 3741 533 3828 ingredienda.
592 3739 782 3826 Requiritur
809 3742 963 3826 particula
996 3743 1210 3832 syllogistica,
1233 3760 1317 3827 quae

313 3864 376 3930 luit
395 3864 428 3928 in
455 3863 502 3926 sio
525 3862 654 3949 scriptis
677 3871 962 3930 ΔΗΛΟΝΑΡΟΤΙ
986 3863 1007 3930 i.
1021 3884 1050 3931 e.
1077 3859 1317 3945 intercipiet,

313 3985 400 4052 unde
422 3983 546 4050 librarii
579 3984 686 4049 omnia
718 3984 780 4048 alia
810 3983 967 4052 lecerunt.
1026 3984 1113 4052 Idem
1151 3986 1236 4052 enim
1258 3982 1318 4066 ἄρον

313 4126 407 4192 saepe
431 4111 600 4170 mutarunt
616 4103 663 4169 vel
686 4105 881 4182 omiserunt,
901 4106 955 4172 uhi
977 4104 1084 4172 deesse
1103 4108 1229 4193 nequit,
1250 4122 1319 4170 sae-

314 4247 352 4314 pe
376 4228 589 4304 invexeront‚
614 4224 669 4291 ubi
693 4245 787 4292 neruo
810 4225 842 4292 id
867 4225 1049 4293 desiderare
1081 4234 1195 4313 potest.
1243 4224 1319 4288 -Mu-
