3058 5150
627 519 1007 581 „15...t

234 701 320 800 quac
342 711 463 796 tegitur
484 709 517 772 in
537 707 607 773 Det
623 706 662 774 Ει
718 705 867 771 Socrates
890 721 966 772 rero
988 703 1040 770 hic
1064 724 1127 786 non
1153 723 1242 793 repe·

233 829 294 911 tit,
317 831 374 898 sed
394 830 514 896 omittit
533 827 621 895 illam
642 825 1084 912 conctusionem,postquam
1103 826 1138 890 τὸ
1154 826 1244 906 μέγοι

189 959 192 965 ’
236 953 383 1021 mamam
404 969 474 1017 esse
493 949 587 1015 κοινὸν
609 956 643 1015 et
666 946 739 1014 Polo
758 965 886 1034 quoquc
908 946 1029 1013 iterum
1048 945 1150 1014 rideri
1174 946 1245 1013 ideo

222 1074 352 1142 dobere
381 1071 490 1148 dixit„
512 1068 597 1157 quod
618 1067 796 1150 ζημιοῦσθαι
829 1069 888 1156 (²
910 1065 1020 1156 ιιοιιιόν)
1049 1085 1178 1135 neccsse
1202 1069 1246 1134 sit

233 1194 290 1260 eto
321 1189 498 1258 secundum
533 1188 645 1256 Polum
677 1189 767 1270 μένοι
801 1187 974 1268 δυνάμενον.
1032 1187 1112 1254 Cum
1136 1198 1246 1256 autem

236 1314 367 1398 longum
390 1312 433 1378 sit
456 1311 540 1376 hanc
567 1309 829 1390 conclusionem,
854 1311 956 1396 ipsam
979 1329 1105 1396 quoque
1136 1327 1246 1377 emen·

239 1431 396 1510 dandam,
420 1439 453 1497 et
476 1437 636 1496 caeteram
657 1431 972 1516 argumentationem
995 1429 1049 1495 hic
1075 1433 1247 1517 persequi,

237 1553 343 1620 dicam
376 1553 484 1639 potins
518 1551 661 1618 breviter
691 1571 773 1637 quae
802 1552 965 1639 imprimis
997 1550 1134 1618 tenenda
1161 1551 1246 1639 judi-

236 1695 283 1742 oo.
342 1673 492 1766 Socrates
526 1671 586 1738 hoc
616 1689 720 1738 nuum
748 1681 780 1738 et
814 1693 913 1760 supra
941 1681 974 1740 et
1006 1671 1059 1739 hic
1094 1673 1182 1759 agit,
1211 1683 1248 1742 ut

234 1793 407 1862 facientem
444 1789 467 1859 ci
497 1792 580 1859 δοκεῖ
609 1795 693 1875 αὐτῷ
724 1791 921 1859 demonstret
959 1791 1033 1859 Polo
1066 1802 1132 1859 ΜΗ
1157 1791 1247 1874 μένοι

235 1907 382 1981 iamim
407 1933 511 2001 neque
541 1913 646 1981 iacere
680 1906 703 1978 ἃ
737 1913 906 1993 curaer:
943 1931 1102 2001 nusquam
1138 1924 1247 1982 autem

235 2035 317 2103 nteit
338 2033 388 2100 uei
412 2036 520 2122 potius
544 2033 655 2114 docet,
680 2033 758 2120 quid
783 2035 825 2100 sit
853 2035 960 2122 ipsum
983 2035 1018 2099 τὸ
1040 2035 1129 2115 μέγα
1156 2033 1247 2100 δύνο-

239 2157 322 2221 ιοοι.
358 2155 468 2242 Neque
482 2157 570 2222 enim
587 2153 764 2241 quidquam
775 2153 821 2219 ad
837 2151 921 2220 hanc
935 2153 1247 2239 argumentationem
1337 2203 1341 2210 .

237 2277 379 2364 pertinet
401 2276 609 2364 quaestione
632 2277 701 2363 ipso
728 2274 818 2354 μέγα
845 2275 1010 2352 δύνοσοοι,
1035 2275 1113 2362 quid
1138 2293 1249 2342 revera

238 2399 295 2466 sit,
339 2396 449 2464 Solum
465 2397 526 2464 noo
546 2397 807 2476 demonstratur,
829 2415 1035 2482 prorsusnon
1049 2395 1139 2476 μένοι
1158 2397 1248 2463 tove-

239 2520 312 2585 ctcu
334 2537 414 2606 quos
444 2517 539 2585 Polus
571 2525 665 2606 putat
699 2517 844 2584 rhetores
874 2524 907 2583 et
933 2525 1100 2606 tyrannos.
1158 2515 1249 2598 Quod

239 2640 321 2708 hene
339 2617 491 2707 tenentes
518 2640 586 2726 jam
619 2637 799 2706 scribamus
828 2637 935 2705 locum
966 2639 1036 2704 sica
1066 2635 1249 2716 ortanam}

238 2762 418 2842 Αονμοὶνιε,
451 2762 487 2828 τὸ
502 2737 505 2748 ’
522 2761 611 2842 μένοι
638 2761 786 2828 invectat
815 2758 912 2826 τοέλιν
943 2756 985 2826 οὗ
1008 2783 1052 2825 τοι
1076 2759 1249 2844 φαίνεται,

240 2886 295 2950 ἐὰν
317 2887 374 2964 μὲν
397 2886 439 2967 τῷ
456 2881 624 2965 πράττοντι
643 2879 666 2949 ἃ
686 2883 769 2948 δοκεῖ
788 2882 873 2964 αὐτῷ
897 2878 1010 2957 ἕτιιτοιι
1029 2881 1064 2947 τὸ
1085 2882 1250 2964 ὠφελίμως

166 3094 169 3099 ¹
240 3005 406 3086 τοιὶττοιν,
429 3006 550 3084 creato
577 3000 671 3081 εἷνοιι,
696 3007 722 3070 εἷ
745 3004 777 3069 δὲ
799 3005 866 3082 μὴ,
892 3000 996 3068 ιιοιιιον.
1050 3001 1250 3071 inseruimus

242 3121 288 3206 τξι
306 3133 378 3212 post
408 3125 465 3203 μὲν
487 3132 520 3191 et
547 3123 632 3206 αὐτῷ
653 3131 726 3211 post
749 3124 847 3190 δοκιΐε
880 3131 992 3189 contra
1020 3123 1190 3191 omisimus
1215 3149 1250 3191 τε

242 3253 318 3312 ante
337 3242 428 3325 cirac,
451 3253 484 3312 ct
505 3245 686 3322 καὶτοῦτο,
710 3247 749 3318 ὤς
772 3243 887 3322 ἔοικεν,
906 3244 978 3332 ,ἐστὶ
997 3245 1034 3310 τὸ
1052 3243 1140 3325 μένοι
1161 3244 1250 3312 δύνοι·

242 3367 312 3432 otas
332 3374 405 3453 post
431 3361 527 3444 εἷνοιι,
559 3373 592 3433 et
621 3365 752 3448 tannem
780 3366 834 3431 ιιιιὶ
864 3364 988 3447 σμικρὸν
1009 3363 1155 3431 tovana:
1179 3375 1251 3452 post

242 3486 349 3578 κοινάν.
398 3486 470 3566 Sic,
493 3473 566 3553 aiiis
588 3487 742 3565 insertis,
775 3484 847 3552 aliis
871 3485 1022 3564 omissis,
1046 3486 1154 3552 omnis
1174 3503 1250 3554 aua·

243 3607 386 3676 coluthia
406 3606 532 3674 sublata
554 3585 660 3676 est'ct
680 3607 767 3674 nulla
791 3625 905 3674 manca
932 3597 1060 3694 ellipsis'
1084 3613 1252 3694 superest,

243 3730 299 3798 sed
321 3730 431 3796 omnia
454 3727 541 3794 clara
564 3735 640 3796 sunt
673 3737 705 3796 et
728 3729 909 3796 Atticorum
938 3728 1133 3814 scriptorum
1159 3731 1252 3818 prin·

245 3851 316 3936 eipo
339 3849 446 3937 digna.
500 3847 562 3916 Sed
590 3849 631 3917 de
662 3848 801 3935 singulis
823 3846 1009 3915 ridendum.
1064 3848 1133 3916 Nisi
1154 3854 1199 3935 τῷ
1220 3861 1252 3920 et

246 3971 331 4052 αὐτῷ
355 3971 513 4058 recipias,
536 3969 701 4054 τρνίττιντι
725 3968 766 4036 au
784 3994 830 4037 σοι
852 3968 972 4036 reseras
995 3989 1125 4038 neeesse
1147 3979 1196 4040 est
1219 3981 1252 4040 ct
1307 4003 1315 4014 ·

247 4117 292 4159 τοι
323 4100 394 4179 post
425 4092 512 4158 δοκεῖ
532 4091 713 4179 intelligas:
752 4090 837 4158 unde
865 4111 979 4158 sensus
1009 4092 1173 4173 oriretur,
1197 4095 1250 4160 cui

174 4265 177 4272 -
246 4217 347 4284 totius
359 4214 428 4309 ioci
449 4215 608 4284 sententia
628 4213 820 4302 refragatur.
869 4213 988 4282 Sensus
1007 4214 1092 4282 enim
1109 4221 1158 4283 est
1178 4213 1250 4284 hic:
