3058 5150
707 574 930 636 ...26...

313 774 378 822 nou
398 761 541 842 possunt.
589 751 734 822 Alterum
764 756 946 843 exemplum
968 758 1046 849 llep.
1070 769 1135 834 598
1148 767 1180 834 C.
1199 807 1241 819 -
1260 773 1316 838 ὁτὲ

310 874 557 954 acceleraturos.
575 874 643 961 jam
659 895 757 964 supra
778 884 882 944 lotum
907 881 1108 967 scripsimus.
1145 887 1315 976 Superest,

311 1007 349 1064 ut
363 996 567 1063 conferamus
583 1016 665 1083 quae
684 997 830 1078 Socrates
849 998 929 1066 dicit
941 1004 1116 1089 respiciens
1136 1009 1177 1075 ad
1195 1009 1316 1090 lecum',

207 1159 209 1166 -
309 1117 350 1185 de
384 1131 446 1203 qun
479 1120 618 1204 agimus.
675 1118 848 1204 Postquam
885 1121 987 1206 igitur
1022 1121 1154 1211 Gorgias
1186 1091 1317 1200 tandem

308 1239 533 1326 obtemperans
557 1237 682 1306 Socrati
710 1238 829 1307 diserte
852 1240 935 1307 dixit
957 1242 990 1310 iu
1020 1248 1084 1312 454
1100 1245 1153 1324 n..
1178 1213 1318 1319 rhetori·
1350 1319 1353 1326 ,

308 1378 379 1424 eam
407 1379 478 1426 esse
497 1366 599 1426 artem
621 1368 676 1435 τῆς
700 1361 731 1425 ἐν
754 1360 952 1443 δικαστηρίοις
976 1365 1094 1440 πειθοῦς
1115 1374 1150 1434 cl
1169 1372 1235 1452 aspi
1257 1380 1318 1440 τῶν

308 1481 432 1548 δικαίων
454 1505 489 1546 τε
518 1479 570 1546 cai
594 1480 727 1556 albium,
752 1479 900 1550 Socrates
928 1504 1002 1550 eum
1025 1487 1144 1575 exeipit
1173 1487 1226 1556 his
1246 1513 1316 1560 ver·

305 1602 373 1670 bis:
397 1587 493 1689 uey'd
517 1625 562 1668 τοι
591 1602 766 1669 ὑπώπτευον
788 1603 905 1682 ταύτην
939 1631 974 1671 σε
1003 1608 1108 1688 λέγειν
1140 1611 1194 1685 τὴν
1225 1615 1315 1680 πειθὼ

235 1803 237 1808 Ι
268 1716 270 1721 ’
306 1723 359 1790 net
382 1725 449 1806 περὶ
477 1722 613 1800 τούτων,
644 1721 665 1788 ὦ
693 1724 818 1806 repete.
875 1725 961 1806 Quae
994 1736 1070 1794 eunt
1102 1728 1168 1796 lere
1202 1732 1313 1800 eadem
1392 1721 1393 1726 ἵ

305 1844 424 1922 uerba,
458 1863 653 1930 quamquam
678 1845 876 1912 constructio
900 1845 954 1912 hic
976 1847 1039 1914 alia
1063 1857 1124 1916 est.
1180 1851 1232 1918 Uli
1255 1853 1312 1938 igi-

305 1973 361 2032 tur
386 1985 566 2052 nusquam,
591 1985 695 2052 neque
717 1965 790 2044 liic,
818 1969 859 2049 τῷ
883 1968 1063 2036 ὑποπτεύειν
1087 1971 1177 2038 adest
1200 1975 1234 2068 qb
1256 1972 1313 2039 als·
1402 1985 1417 1992 “
1457 2019 1461 2027 -

304 2087 397 2162 clar,
421 2087 467 2152 ita
487 2104 613 2172 quoque
638 2088 670 2151 in
700 2084 774 2152 loeo'
795 2107 894 2173 supra
924 2090 1045 2176 scripto
1070 2091 1148 2158 illud
1171 2114 1212 2160 ne
1235 2103 1314 2188 tunc

305 2205 433 2292 quidem
459 2206 537 2273 lerri
564 2215 688 2294 posset,
720 2208 748 2272 si
773 2211 970 2276 constructio
997 2210 1118 2280 nullam
1153 2212 1315 2300 flagitaret

303 2326 443 2415 ellipsin.
503 2326 565 2396 Sed
588 2327 728 2413 flagitari
761 2327 886 2415 ellipsin
911 2331 1048 2417 quisque
1074 2333 1124 2402 vel
1148 2336 1248 2402 sentit
1270 2334 1313 2402 lo

304 2422 380 2517 curn
404 2449 447 2516 ita
479 2449 636 2535 scripturn
668 2447 796 2534 legens:
829 2450 890 2528 ἐγὼ
914 2452 970 2526 τὴν
992 2453 1056 2518 ἀπὸ
1080 2461 1135 2529 τῆς
1159 2457 1313 2536 ῥητορικῆς

302 2572 416 2648 πειθὼ,
446 2571 511 2649 ἥτις
541 2573 609 2636 ποτ’
633 2569 715 2636 ἐστὶν
738 2560 772 2642 ἣν
794 2571 831 2637 σὺ
864 2570 989 2650 λέγεις,
1023 2575 1075 2640 eet
1096 2575 1163 2658 περὶ
1188 2573 1313 2644 ὧντινων

303 2689 499 2772 πραγμάτων
529 2691 594 2756 ἐστὶ
622 2691 733 2769 πειθὼ,
764 2696 875 2774 coticis
899 2693 977 2771 μὲν,
1012 2692 1046 2761 εὖ
1079 2694 1136 2762 tot’
1162 2695 1236 2772 ὅτι,Ι
1259 2693 1327 2761 οὔτ’

196 2849 199 2863 ‹
302 2805 386 2888 oisc,
411 2814 444 2877 οὐ
466 2814 527 2892 μὴν
544 2813 618 2877 ἀλλ’
642 2811 803 2878 ὑποπτεύω
827 2834 885 2890 γε·
909 2814 990 2880 οὐδὲν
1014 2817 1116 2893 μέντοι
1135 2813 1223 2892 ἦττον
1247 2815 1311 2896 ε’ριὶ-

301 2932 399 3013 rocci
415 2957 459 2998 σε.
512 2933 597 3000 Haec
621 2939 746 2999 tautum
771 2933 957 3019 speciminis
980 2953 1066 3020 ergo.

1049 3219 1064 3264 r

347 3293 484 3361 Perveni
507 3293 548 3360 ad
570 3313 632 3372 ea,
653 3313 736 3380 qnae
757 3300 918 3380 postremo
950 3292 1116 3378 inquirere
1140 3299 1237 3378 atque
1259 3313 1313 3376 exss

301 3414 411 3504 pedire
436 3417 470 3482 in
501 3416 608 3483 animo
630 3423 712 3482 erat.
772 3413 933 3482 Nimirum
970 3413 1168 3482 locutionum
1191 3413 1312 3500 aliquot

299 3537 483 3604 Atticarum
504 3537 745 3623 inquisitionem
771 3535 847 3602 huic
868 3533 1041 3602 schedulae
1069 3534 1249 3610 destinavi,
1275 3539 1311 3600 ut

300 3676 434 3742 prorsus
457 3655 540 3722 alius
561 3657 689 3741 generis
704 3654 861 3741 quaedam
880 3664 912 3722 et
932 3655 1082 3722 omnibus
1105 3657 1228 3724 notiora
1242 3652 1309 3744 ⁸ha-

299 3795 374 3842 rum
395 3796 504 3842 rerum
529 3776 643 3864 peritis
662 3783 694 3842 ot
715 3774 900 3844 amantibus
926 3775 1130 3856 exhiberem,
1155 3774 1240 3846 unde
1264 3776 1310 3842 si-

299 3894 369 3962 mol
400 3896 581 3982 intelligant
603 3917 640 3965 ac
659 3897 806 3978 videant,
830 3897 953 3966 scribas
977 3917 1016 3964 ne
1036 3897 1309 3966 constantissimis

247 4097 250 4108 Ι
298 4016 429 4104 quidem
453 4016 603 4104 loquendi
624 4018 772 4085 formulis
795 4019 974 4086 sexcenties
993 4018 1236 4088 recurrentibus
1254 4037 1306 4105 pe

250 4113 255 4128 ⁶
300 4139 459 4230 pereisse,
477 4137 533 4206 sed
554 4141 661 4205 omnia
682 4139 804 4227 pariter
826 4139 861 4206 in
880 4137 1030 4206 omuibus
1043 4138 1185 4206 Platonis
1204 4138 1302 4221 scrip

222 4309 228 4328 ι
298 4259 342 4334 tis
364 4259 474 4334 eadem
497 4262 680 4332 temeritate
696 4270 728 4330 et
743 4260 940 4350 negligentia
955 4258 1168 4350 depravasse,
1192 4253 1301 4338 simul,
