3058 5150
667 587 892 650 ...1οψ

276 776 402 864 pleuam
428 783 534 842 autem
553 780 679 840 tantum
701 787 772 841 eam
792 773 920 860 scripsit
942 772 975 836 in
1002 775 1082 851 471,
1108 773 1180 855 ubi,
1204 795 1278 844 cum

275 899 381 984 prima
413 895 509 980 hujus
541 893 662 961 formae
694 895 931 980 argumentatio
956 905 1125 974 occurrat,
1160 897 1279 964 3311331

275 1017 346 1104 ejus
365 1023 488 1104 partem
510 1014 619 1082 3113113
636 1034 726 1100 posse
746 1023 855 1092 ratus,
869 1015 902 1078 in
919 1014 943 1078 B
963 1014 1116 1081 invoces
1137 1017 1154 1093 ἢ
1178 1021 1281 1101 ἀμφι·

276 1139 410 1220 cipetra
435 1136 550 1203 scribis
572 1137 708 1201 omissas
731 1155 800 1202 esse
824 1135 958 1201 u'stendi.
1006 1135 1145 1204 'Plenam
1173 1148 1280 1206 autem

278 1280 337 1345 ego
366 1278 452 1325 nunc
490 1257 605 1343 scripsi
640 1256 887 1342 argumentandi
918 1255 1110 1336 formulam,
1145 1257 1183 1325 de
1219 1279 1283 1345 qua

277 1381 438 1466 agimus‚2
453 1399 526 1460 non,
545 1398 581 1445 eo
603 1376 757 1456 consilio,
783 1385 819 1443 ut
842 1397 904 1443 non
929 1376 1074 1444 sufficere
1102 1378 1164 1444 tria
1186 1381 1283 1446 verba

277 1503 369 1566 Ἀλλ’
393 1495 548 1582 ὠφέλιμόν
579 1522 618 1576 γε
644 1495 792 1582 judicare
824 1495 905 1563 iorte
935 1497 1124 1584 quibusdam
1153 1497 1282 1566 videar:

278 1620 338 1686 hoc
361 1620 445 1686 enim
471 1617 601 1684 demum
625 1626 709 1683 esset
740 1614 823 1683 iutili
844 1618 950 1684 studio
971 1619 1068 1684 nimis
1095 1616 1133 1683 ad
1161 1626 1282 1685 certam

279 1739 476 1826 propositam
517 1757 663 1803 normam
692 1745 842 1820 torquere
876 1737 1188 1822 argumentationes:
1228 1738 1284 1805 sed

278 1858 508 1933 113333311113,
524 1865 560 1923 ut
579 1857 698 1924 3131131
714 1865 882 1944 appareat,
900 1839 1063 1924 Platonem
1083 1857 1135 1924 hie
1151 1857 1282 1926 eandem

197 1981 213 2028 -’
281 1976 528 2065 argumentandi
557 1975 729 2042 lormulam
753 1975 926 2056 adhibere,
957 1997 1052 2062 quam
1080 1977 1226 2064 adhibuit
1248 1979 1282 2043 in

281 2104 345 2165 474
359 2099 396 2166 Ε.
410 2138 457 2148 -
472 2102 536 2163 4711
550 2096 583 2162 G.
605 2104 637 2167 31
651 2096 840 2172 itte—ti,
856 2094 1004 2178 31.,13111
1027 2099 1124 2164 etiam
1147 2098 1283 2166 11131113

280 2218 378 2285 verba
402 2217 563 2284 absolvere
587 2216 835 2303 argumentandi
869 2215 1060 2293 termulam,
1091 2227 1123 2284 et
1155 2193 1283 2286 tandem

281 2347 354 2427 post
371 2358 442 2406 eam
466 2337 643 2405 absolutam
669 2335 809 2423 flagitari
828 2336 1075 2404 conclusionem.
1122 2336 1209 2417 Quae
1229 2340 1286 2424 qui

167 2528 168 2538 ,
281 2458 361 2526 mihi
384 2459 560 2526 assentitur
580 2457 677 2524 simul
697 2460 892 2530 assentiatur
912 2479 1040 2525 neeesse
1059 2465 1122 2535 est,
1146 2457 1286 2539 scribas,

282 2580 364 2647 nihil
396 2580 511 2646 horum
542 2576 687 2645 videntes
722 2597 825 2664 neque
860 2577 1097 2664 intelligentes,
1132 2579 1285 2646 mutando

282 2701 343 2783 1113
370 2702 401 2766 11
425 2701 488 2781 γὰρ
514 2719 643 2786 pessum
675 2698 800 2766 dedisse
828 2699 1075 2766 conclusionem.
1132 2699 1283 2776 Accedit,

283 2821 385 2910 quod,
410 2820 469 2886 hac
494 2818 696 2886 conclusione
719 2821 891 2896 restituta,
916 2831 1003 2886 recte
1026 2820 1153 2886 demum
1169 2807 1282 2884 Scord-

282 2953 331 3010 tes
355 2942 473 3008 transit
499 2939 539 3006 ad
560 2948 709 3026 quartam
731 2944 785 3006 rori
812 2939 906 3019 λόγου
929 2947 1052 3026 partem
1079 2937 1188 3003 dicens
1209 2936 1283 3019 ’Ἆρ’

283 3061 448 3138 1171111131
475 3070 537 3128 313.
566 3062 663 3128 sicuti
688 3063 721 3126 iu
746 3064 860 3128 47711.
889 3062 1007 3132 transit
1040 3058 1079 3125 ad
1110 3058 1288 3126 secundam-

283 3182 482 3264 1113331”Ἀρ’
502 3179 550 3249 οὖν
568 3187 622 3248 τοῦ
639 3183 790 3261 μεγίστου
807 3191 868 3249 313.
916 3180 1034 3247 Verum
1054 3181 1126 3267 quis
1148 3199 1285 3266 usquam

284 3305 362 3392 legit
393 3300 577 3389 hujusmodi
608 3300 870 3390 conclusionem:
904 3299 1059 3380 Μεγάλου
1093 3299 1154 3383 ripa
1184 3305 1284 3367 ’κυκυῖι

284 3424 553 3500 ἀπαλλάττεται,
584 3419 661 3489 dora
683 3432 842 3490 λυσιτελεῖ
867 3425 1026 3502 daramium
1050 3424 1103 3498 τὴν
1126 3423 1283 3502 deperdito

283 3540 551 3627 catapersica?
589 3543 651 3610 Sed
672 3563 774 3629 neque
794 3564 852 3629 ego
870 3544 965 3610 talem
988 3543 1127 3610 scribere
1145 3544 1283 3630 potuisse

283 3669 446 3735 Platonem
463 3664 620 3741 arbitror,
638 3661 693 3728 sed
713 3682 787 3728 eum
803 3664 971 3750 scripsisse
989 3664 1165 3750 simplicem
1186 3662 1280 3726 hane:

221 3851 226 3861 .
282 3786 439 3867 Marciaco
460 3785 521 3867 alpe
540 3787 635 3851 κυκιῦ
653 3781 919 3851 ἀπαλλάττεται.
950 3786 1058 3851 omma
1081 3792 1186 3850 autem
1211 3779 1285 3846 reli·

285 3929 348 3998 qua
368 3907 481 3974 iisdem
503 3906 632 3984 deberi,
656 3906 712 3992 qui
734 3903 930 3988 11131111
949 3905 1104 3972 fecerunt.
1150 3901 1285 3970 Conclu-

284 4033 333 4100 sio
351 4030 438 4098 euim
460 4028 584 4114 respuit
602 4026 762 4114 imprimis
782 4025 861 4092 illud
880 4031 1046 4102 λυσιτελεῖ,
1066 4044 1139 4089 3331
1154 4024 1189 4089 ci
1206 4025 1286 4108 ὠφέ·

284 4170 374 4232 λιμοι
397 4158 428 4217 31
449 4152 627 4215 λυσιτελοῦν
648 4144 825 4214 secundum
846 4144 1091 4234 argumentandi
1115 4144 1284 4212 formulam

235 4257 239 4264 ⁵
283 4274 350 4361 jam
377 4268 717 4348 13133311131331111,
752 4274 784 4334 31
809 4288 846 4336 ex
872 4289 908 4336 eo
934 4266 1168 4344 demonstrato,
1189 4260 1285 4330 sicuti
