3058 5150
677 583 876 642 ..4-

272 767 454 851 ἀμφιθηγεῑ
475 764 604 832 cultello
628 785 690 832 non
708 783 788 852 opus
811 783 896 844 esse,
920 772 1110 851 argumenta
1133 785 1151 832 e
1174 784 1279 853 gram·

272 888 392 954 metica
412 887 512 974 petita
535 886 664 951 omnino
685 883 833 952 sufficere
855 886 934 955 rati.
981 885 1100 952 Verum
1124 906 1182 972 ego
1204 907 1279 954 con·
1389 974 1394 983 .

271 1007 366 1074 tendo
386 1015 502 1074 neutra
522 1005 639 1074 horum
661 1014 928 1092 argumentorum
944 1006 1177 1074 contemnenda
1193 1027 1280 1084 esse,

270 1127 357 1194 siout
385 1134 500 1194 neutra
531 1145 642 1194 eorum
674 1127 836 1192 contemni
860 1133 1013 1213 possunt,
1037 1144 1118 1212 quae
1146 1126 1279 1213 ligatam

244 1295 246 1299 -
271 1248 448 1316 orationem
467 1246 650 1315 emendanti
672 1247 785 1313 critica
809 1246 1003 1334 suppeditat.
1051 1248 1220 1315 Praeterea
1242 1268 1280 1315 eo

270 1366 405 1434 oonsilio
425 1367 503 1434 baec
519 1366 615 1434 edere
635 1364 756 1458 placuit
776 1365 877 1445 mihi,
909 1343 945 1434 ut
968 1366 1089 1453 liquido
1107 1367 1279 1455 appareat,

270 1487 415 1575 ejusdem
447 1488 575 1574 generis
604 1486 737 1554 mendas
767 1506 855 1585 esse,
888 1506 987 1573 quas,
1018 1487 1085 1554 sola
1112 1487 1281 1556 dialectiea

272 1607 490 1695 suffragante,
522 1587 554 1674 et
579 1627 682 1694 uuas,
705 1608 918 1692 grammatico
939 1606 1037 1674 simul
1058 1611 1186 1694 egregie
1215 1608 1281 1674 sui·

273 1728 439 1816 fragante,
462 1749 500 1795 ex
522 1727 793 1814 disputationibus
809 1725 982 1794 Socraticis
1001 1729 1187 1796 eximendos
1206 1750 1281 1798 cen-

273 1861 377 1928 seam,
430 1850 536 1938 'Atque
571 1856 694 1914 tantam
724 1847 985 1916 evidentiamex
1005 1847 1195 1936 2daptietous
1229 1850 1281 1918 his

274 1972 477 2059 argumentis
507 1969 641 2051 elucere
657 1977 689 2035 et
717 1967 902 2055 hujusmodi
925 1968 1203 2037 emendationibus
1231 1991 1282 2039 ae·

273 2090 404 2169 cedere,
436 2090 571 2157 lectores
592 2083 687 2154 eredo
704 2063 925 2154 intellecturos
947 2101 981 2182 et
999 2109 1222 2168 concessuros,
1245 2101 1283 2158 ut

273 2213 372 2277 etiam
404 2208 531 2286 facilius
561 2207 770 2296 approbaturi
799 2209 866 2276 sint
893 2216 924 2274 et
947 2229 1001 2276 eas
1028 2209 1125 2297 hujus
1155 2212 1284 2297 generis

275 2330 531 2408 emendationeS,
557 2348 640 2416 quae
659 2329 735 2396 solis
756 2331 957 2416 argumentis
981 2331 1181 2399 edialeetica
1204 2332 1283 2418 peti·

273 2439 318 2519 tis
337 2449 591 2527 confirmentur,
615 2459 647 2516 et
666 2469 739 2526 eas,
756 2436 881 2538 ouibus
901 2450 966 2518 sola
982 2453 1196 2538 grammatica
1215 2443 1282 2518 suiss

276 2573 434 2660 iragetur.
482 2571 769 2657 Argumentatione
797 2571 884 2638 enim
907 2592 972 2638 una
995 2572 1150 2640 etaltera
1177 2594 1282 2641 ernen-

149 2738 155 2754 .
276 2694 372 2772 data,
408 2690 577 2757 nonnullos
612 2689 698 2757 locos
731 2689 880 2778 expedire
914 2691 1068 2782 conabor,
1104 2694 1136 2757 in
1166 2692 1284 2779 quibus

276 2813 386 2881 eadem
415 2821 493 2878 sunt
515 2812 611 2886 vitia,
642 2810 759 2897 quibus
784 2810 968 2877 claudicant
989 2814 1284 2898 argumentationes

277 2933 371 3012 ibae,
399 2931 454 2998 sed
483 2932 515 2996 in
546 2929 663 3017 quibus
690 2929 898 2997 emendandis
931 2929 1050 2997 nuliam
1079 2953 1169 3018 opern
1200 2931 1283 2999 ierre

277 3059 382 3140 potest
405 3052 592 3129 dialectice,
617 3066 691 3117 curn
715 3049 805 3116 nulla
827 3051 861 3116 in
884 3052 925 3116 iis
948 3052 1025 3117 insit
1048 3054 1285 3136 argumentatio

279 3173 460 3242 Socratica·
490 3174 656 3239 Postremo
675 3177 784 3238 autem
804 3170 936 3238 accedet
952 3171 1006 3237 his
1026 3170 1203 3246 dictionum
1229 3165 1285 3239 ato

277 3303 357 3383 qrrut
379 3295 560 3364 Atticarum
586 3292 768 3378 inquisitio:
798 3311 896 3378 quarn
918 3291 981 3377 quo
1004 3291 1137 3358 consilio
1156 3294 1285 3362 institu-

277 3425 373 3484 turus
393 3418 471 3494 sim‚
495 3413 579 3480 inira
602 3431 660 3480 suo
682 3412 752 3479 loco
770 3433 937 3500 exponam.

280 3581 286 3591 ·
321 3509 416 3604 nino
440 3554 533 3600 nunc
563 3533 680 3599 dicere·
700 3534 739 3599 de
766 3535 836 3620 ipsa
866 3533 1034 3600 dialectica
1061 3534 1224 3602 Socratica
1252 3545 1282 3602 et

277 3655 318 3722 de
335 3651 671 3740 argumentationibus
691 3651 874 3719 Socraticis.
921 3653 965 3719 De
984 3653 1037 3720 his
1055 3657 1139 3722 scire
1155 3656 1283 3742 cupien·

278 3786 330 3844 tes
348 3774 467 3842 adeant
490 3773 650 3850 libellum,
674 3775 727 3840 cui
752 3772 883 3840 titulus:
910 3773 1097 3860 deploratio
1118 3797 1283 3862 argumen-

166 3960 170 3969 .
279 3899 430 3964 totioonm
447 3894 685 3962 Socraticorum
701 3903 762 3960 etc.
1238 3890 1240 3896 '

321 4019 397 4086 ‘Jam
428 4017 529 4102 igit-ur
558 4018 697 4102 primum
728 4014 896 4081 videamus
914 4014 957 4082 de
975 4019 1283 4113 argumentatione,

191 4171 195 4180 ·
282 4145 376 4226 quaet
398 4139 431 4206 in
464 4136 558 4222 Gorg.
591 4140 656 4202 476
691 4135 819 4222 legitur.
877 4134 1026 4202 Socrates
1059 4135 1112 4202 bie
1145 4139 1284 4224 primurn

230 4226 234 4244 ⁴
282 4269 408 4348 partem
433 4263 486 4326 coi
503 4255 621 4337 λόγου,
656 4255 705 4324 vel
734 4258 840 4359 potius
856 4247 1010 4341 'primam
1044 4276 1282 4342 earum..argu·
