3058 5150
671 547 893 606 ...12.„

279 751 361 820 quac
391 730 602 820 explosinius,
640 732 740 828 nimio
777 728 942 796 intervallo
979 729 1099 796 distare
1132 732 1195 798 rati
1231 729 1282 796 illa

277 853 456 935 ἀθλιώτερος
480 857 512 918 et
535 847 623 926 ἧττον
646 852 696 930 at,
725 870 821 938 quam
851 857 887 918 ut
910 869 968 936 per
995 849 1121 937 ellipsin
1145 851 1281 938 intelligi

277 974 379 1061 possit
407 973 467 1038 vox
497 969 616 1049 ἅθλιος,
648 973 750 1058 ipsam
783 969 864 1035 banc
893 989 1003 1036 vocem
1033 969 1282 1056 adscripserunt.

278 1092 366 1174 Quae
390 1092 510 1180 ellipsis
529 1091 601 1158 vide
624 1099 775 1179 quantam
796 1089 893 1157 addat
916 1089 1021 1158 Attico
1044 1085 1184 1156 sermoni
1201 1109 1283 1157 con-

278 1213 466 1280 cinnitatem
487 1219 591 1278 totum
611 1211 715 1310 locum
739 1213 786 1279 sic
810 1212 966 1298 scriptum
990 1210 1113 1296 legens:
1137 1213 1230 1278 Koria
1253 1211 1284 1276 at

278 1339 318 1413 γε
345 1335 401 1411 τὴν
424 1335 499 1412 ἐμὴν
521 1330 632 1412 δόξαν,
660 1329 816 1411 cincius,
842 1307 980 1398 boldrado
1004 1355 1038 1396 τε
1067 1331 1118 1396 καὶ
1149 1332 1162 1396 ὅ
1182 1329 1285 1404 ἄδικος

277 1453 402 1527 πάντως
421 1454 477 1532 μὲν
496 1451 620 1533 ἄθλιος,
639 1454 815 1535 ἀθλιώτερος
836 1452 937 1531 μέντοι
958 1453 1011 1517 ἐὰν
1031 1450 1164 1532 μὴ’διδῷ
1180 1451 1283 1526 δίκην,

279 1570 367 1651 ἦττον
385 1573 412 1638 δ’
433 1572 486 1638 ἐὰν
505 1571 573 1654 διδῷ
595 1571 681 1648 δίκην
700 1573 758 1638 ὑπὸ
778 1575 848 1638 θεῶν
867 1597 902 1638 τε
922 1573 973 1638 καὶ
994 1571 1163 1652 ἀνθρώπων,
1200 1569 1285 1636 Haec

279 1691 410 1760 demum
432 1691 530 1794 digna
552 1703 663 1760 nostro
686 1702 828 1760 auctore.

168 1897 171 1906 Ι
279 1855 282 1862 ,
326 1811 416 1878 Talia
430 1822 584 1899 tanquam
600 1814 802 1881 crassissima
813 1811 1183 1898 nebulaGorgiaeoffusa
1195 1819 1284 1878 suut:

280 1930 368 2000 nulla
393 1931 460 2000 iero
481 1935 717 2020 argumentatio
738 1935 880 2036 integra:
904 1942 937 2000 et
956 1953 1019 2019 qua
1042 1935 1165 2000 ratione
1191 1952 1285 2028 orgu-

155 2129 157 2134 ,
280 2055 523 2133 mentationes,¹
542 2054 652 2122 eadem
684 2057 780 2122 etiam
805 2054 927 2142 reliqua
951 2054 1136 2120 turbarunt.
1194 2054 1284 2137 Quod
1409 2064 1414 2074 '

281 2193 322 2242 ne
337 2183 459 2242 temere
477 2175 599 2243 dictum
621 2197 640 2243 a
662 2197 713 2244 me
730 2175 894 2254 videatur.
918 2175 980 2241 alia
1001 2175 1151 2242 nonnulla
1172 2175 1286 2263 depro-

280 2316 367 2364 mam
392 2316 430 2363 ex
462 2297 601 2383 Gorgiae
625 2297 758 2364 editioni
778 2297 965 2376 destinatis,
990 2295 1113 2383 reliqua
1131 2295 1285 2376 daturus,

281 2419 311 2484 si
342 2417 470 2505 quando
491 2419 602 2515 otium
628 2419 707 2485 mibi
737 2418 835 2485 luerit
858 2417 942 2484 banc
971 2417 1163 2486 absolvendi.
1214 2419 1285 2485 Janr

282 2538 531 2637 simplicioribus
565 2539 615 2607 his
649 2540 856 2627 praemissis,
891 2538 1004 2626 hisque
1035 2537 1119 2605 dotis
1154 2538 1290 2606 stolidae

281 2659 461 2728 scribarum
482 2632 841 2740 temeritatisindiciis,
859 2659 976 2747 quibus
996 2661 1048 2726 vix
1068 2659 1285 2728 manifestiora

280 2782 435 2870 postulari
457 2789 608 2869 possunt,
632 2781 759 2847 laoilius
784 2801 944 2868 quemque
974 2781 1055 2847 mihi
1078 2800 1284 2848 assensurum

280 2903 405 2971 confido
428 2903 591 2992 aliquanto
622 2901 833 2990 implicatiora
864 2923 899 2969 ac
923 2903 1033 2968 minus
1055 2909 1164 2989 aperta
1189 2904 1287 2997 corri-

280 3025 382 3110 genti.
429 3024 494 3090 Hoc
510 3032 618 3091 toneat
641 3023 736 3090 modo
755 3025 807 3090 cui
840 3022 921 3090 forte
944 3021 1055 3090 videar
1078 3021 1234 3089 audacius
1254 3032 1288 3090 et

280 3144 390 3211 acrius
412 3145 534 3211 instare
555 3144 689 3222 scribis,
712 3125 851 3230 g'enuino
872 3163 909 3210 eo
930 3141 1059 3209 facilius
1079 3143 1112 3209 io
1137 3142 1287 3222 Platone,

281 3273 318 3332 ut
339 3264 419 3330 mihi
442 3264 592 3343 videtur,
617 3284 715 3351 quam
738 3265 771 3328 in
800 3262 871 3328 aliis
895 3263 1107 3348 scriptoribus
1129 3265 1286 3351 aspuriis

282 3385 425 3474 dignosci
439 3395 470 3454 et
483 3385 624 3470 discerni
638 3405 747 3472 posse,
762 3403 824 3474 quo
837 3384 1039 3470 exquisitiori
1054 3392 1086 3451 et
1098 3383 1284 3471 elegantiori

282 3509 387 3598 utitur
406 3527 572 3576 sermone:
597 3507 785 3574 tumeliam
817 3505 979 3596 imprimis
1003 3505 1035 3570 in
1063 3504 1288 3592 disputationis

282 3626 342 3694 bus
362 3627 543 3696 Socraticis
553 3629 661 3714 inepta
674 3633 705 3692 et
719 3623 850 3691 horrida
867 3624 1069 3709 ἀφιλοσόφων
1081 3624 1285 3691 librariorum

281 3746 603 3828 ccoxdcpoociacile
628 3746 776 3832 agnosci,
799 3753 831 3812 et
854 3746 983 3810 omnino
1008 3747 1039 3810 in
1062 3745 1103 3810 iis
1123 3744 1290 3814 tutissime

237 3917 244 3930 .
282 3865 430 3936 criticam
444 3869 598 3945 exerceri,
613 3886 686 3933 cum
702 3865 863 3934 Socratica
877 3864 1122 3952 argumentandi
1135 3865 1219 3932 ratio
1239 3874 1287 3933 ta·-

283 3985 323 4054 lis
336 3987 393 4064 sit,
415 3994 451 4052 ut
463 3987 558 4054 simul
580 3985 839 4066 manifestissima
851 3995 883 4054 ct
896 3984 1112 4072 corruptionis
1124 3985 1243 4055 indicia
1254 3997 1288 4076 ct

282 4107 491 4176 correctionis
501 4083 690 4195 argumenta
703 4106 895 4194 suppeditet.
907 4107 1018 4194 Inepta
1031 4105 1211 4174 scribarum
1220 4129 1286 4172 cco·

282 4231 444 4313 χάσματα
464 4229 535 4299 dico
558 4230 616 4299 has
639 4229 914 4318 interpolationes,
941 4227 1156 4317 periphraseis
1175 4227 1285 4306 enim,
