3058 5150
711 558 934 620 ...⁶2ss-

321 752 353 811 et
376 742 512 828 διαφέρει
536 740 615 807 ferri
640 761 701 810 non
723 763 813 830 posse
833 742 1067 812 contendimus.
1115 745 1149 813 Si
1161 747 1323 814 eninrvo-

322 886 375 931 ces
395 864 551 951 quaedam
578 865 842 951 requirerentur,
876 884 937 930 nou
969 865 1061 944 iliae,
1093 869 1148 936 sed
1170 871 1249 936 aliae
1271 869 1323 935 ad·

320 985 508 1052 scribendae
533 995 651 1052 essent.
701 985 779 1052 Nam
809 987 841 1049 in
867 985 982 1071 Gorgia
1007 1007 1066 1052 vox
1089 989 1237 1067 μέγιστον
1266 989 1323 1056 ha-

318 1105 371 1172 bet
393 1105 579 1191 emphasin,
604 1108 635 1170 in
661 1104 834 1192 Republica
854 1101 914 1171 vox
937 1105 1112 1185 τιέμτολνι
1138 1110 1223 1195 quod
1248 1113 1324 1177 sori·

277 1257 286 1280 2
318 1225 378 1290 hae
397 1203 533 1292 feliciter
550 1224 612 1290 no‘n
633 1224 860 1292 adtenderunt.
887 1225 993 1308 Quare
1012 1229 1044 1292 in
1062 1227 1179 1314 Gorgia
1193 1230 1323 1298 demum

317 1355 405 1411 recte
434 1347 639 1433 scripsissent
667 1353 730 1419 πῶς
750 1347 813 1428 γὰρ
837 1351 868 1413 οὐ
893 1348 1041 1427 μέγιστοι
1065 1349 1155 1426 κτέ.;
1182 1369 1238 1434 pro
1260 1359 1325 1426 πῶς

317 1466 379 1548 γὰρ
403 1466 455 1543 οὒ,
479 1503 544 1543 —-‚
572 1467 697 1546 ὑμιέιας
730 1475 762 1533 et
788 1469 820 1532 in
852 1468 1025 1556 Republica
1049 1475 1110 1542 πῶς
1133 1469 1169 1552 δ’Ι
1183 1473 1216 1534 οὐ
1236 1471 1325 1552 πιέμ-

317 1602 418 1664 πολυς
448 1607 506 1674 pro
529 1594 591 1660 πῶς
620 1588 647 1652 δ’
668 1590 699 1652 οὐ
723 1587 882 1671 διαφέρεις
920 1588 1009 1670 Quod
1034 1591 1087 1675 qui
1114 1573 1175 1654 non
1205 1592 1324 1658 sentiat

317 1708 459 1773 monitus
484 1707 585 1773 discat
606 1728 645 1774 ex
668 1707 767 1786 locis,
794 1708 847 1773 uhi
861 1759 869 1788 ,
883 1729 970 1774 curn
991 1710 1148 1775 sententia
1168 1729 1228 1774 non
1248 1711 1322 1775 sinr-

317 1826 388 1914 piex
412 1829 472 1905 sit,
498 1826 669 1914 repetenda
701 1828 859 1914 quaedam
886 1848 945 1894 vox
967 1827 1102 1894 formula
1127 1827 1322 1903 incruenti,

316 1947 421 2034 qualis
444 1947 666 2037 legiturlRep.
691 1951 804 2016 556A.
831 1950 870 2014 Oi
892 1949 922 2014 δέ
951 1949 985 2023 δὴ
1003 1948 1219 2031 χρηματισταὶ
1246 1949 1321 2026 ένκύ
1356 2007 1361 2016 .

316 2075 434 2150 ψαντες
459 2070 523 2135 οὐδὲ
546 2051 698 2142 δοκοῦντες
734 2070 857 2141 τούτους
885 2070 954 2150 όρῶν
979 2075 1037 2134 τῶν
1061 2076 1172 2134 λοιπῶν
1199 2072 1250 2136 τόν
1272 2069 1321 2137 αεὶ

317 2189 479 2253 ὑπείκοντα
500 2188 623 2262 ἐνιέντες
651 2188 789 2271 ἀργύριον
817 2190 1028 2270 τιτρώσκοντες
1050 2190 1103 2254 καὶ
1133 2195 1187 2255 ποῶ
1209 2191 1323 2272 πατρός

317 2308 456 2387 ἐκγόνους
491 2309 595 2384 τόκους
630 2310 885 2382 πολλαπλασίους
921 2310 1109 2392 κομιζόμενοι
1147 2312 1243 2377 πολὺν
1273 2312 1324 2376 τόν

317 2435 441 2512 κηφῆνα
455 2431 507 2496 καὶ
529 2431 654 2512 πτωχόν
674 2433 831 2510 ἐμποιοῦσι
848 2423 887 2514 τῶ
908 2430 1007 2497 πόλει.
1054 2437 1122 2505 Πῶς
1143 2432 1222 2514 otu,
1244 2430 1323 2515 ἔφη,

316 2553 350 2618 οὔ
370 2553 487 2632 πολόνς
524 2551 616 2618 Ρο111.
644 2533 753 2618 161111.
787 2552 862 2634 Φέρε
892 2553 943 2628 δῶ,
974 2551 1090 2618 τούτοιν
1114 2561 1176 2619 τοῖν
1195 2552 1323 2633 τέχναιν

318 2675 390 2750 ἡμῖν
412 2675 464 2738 τὸν
484 2672 646 2751 βασιλικόν
670 2674 700 2737 ἒν
724 2673 837 2757 ποτέρα
861 2674 977 2750 όετέονς
1002 2669 1051 2754 αἶρ’
1070 2675 1099 2738 έν
1121 2681 1160 2754 τῇ
1185 2679 1320 2752 κριτικῇ,

317 2792 453 2875 καόοέπερ
492 2795 562 2859 πινόι
590 2795 721 2869 όεατόνς
758 2794 775 2870 ἢ
810 2796 933 2871 μῶλλον
966 2803 1021 2869 τῆς
1058 2779 1255 2864 ἐπιτακτικῶς
1281 2792 1321 2860 ῶς

315 2913 377 2979 ὅντ’
402 2914 494 2980 αὐτὸν
523 2914 636 2996 τέχνας
668 2916 796 2993 όιέσομεν
825 2913 1010 2994 δεσπόζοντα
1033 2938 1094 2991 yn
1131 2921 1172 2978 N.
1190 2923 1227 2978 Σ.
1252 2917 1321 2984 Πῶς

316 3034 379 3114 γὰρ
402 3037 433 3100 οὐ
454 3039 592 3113 μῶλλον;
615 3034 655 3100 ai.
703 3035 821 3102 Verum
844 3036 877 3100 in
904 3035 1061 3100 sententia
1081 3032 1322 3119 simplicissima

316 3153 404 3220 nulia
428 3175 487 3220 vox
517 3154 702 3241 repetenda.
750 3155 794 3222 Ne
821 3174 906 3219 nunc
931 3153 1009 3218 mihi
1034 3152 1178 3240 proferas
1207 3153 1320 3239 huius·

316 3276 402 3342 modi
426 3276 526 3342 iocose
553 3276 694 3366 Euthyd.
712 3281 773 3343 501
789 3276 821 3342 B.
846 3281 913 3348 Πῶς
938 3275 1001 3355 γὰρ
1026 3249 1078 3339 orire
1100 3276 1216 3356 ἀπορῶ,
1240 3275 1319 3358 ἔφη,

316 3393 404 3475 noyn
416 3398 468 3462 καὶ
483 3399 507 3462 οἱ
523 3395 613 3462 etune
631 3398 745 3470 πάντες
766 3395 910 3478 όινόρωποι
931 3387 945 3459 ό
962 3395 1005 3474 μὴ
1026 3393 1090 3460 ἔστι
1100 3416 1108 3470 ;
1132 3395 1214 3460 Phil.
1229 3399 1268 3460 41
1284 3395 1318 3459 B.

316 3524 384 3590 Πῶς
415 3518 479 3599 γόιρ
505 3519 576 3596 οόκς
601 3518 684 3600 εἴπερ
713 3520 747 3597 γ’
774 3518 860 3585 εἰσίν.
897 3517 1068 3603 nepueu
1090 3516 1128 3582 Ε.
1165 3522 1233 3590 Πῶς
1257 3516 1318 3596 cap

316 3639 410 3720 οὐχός
435 3638 563 3713 οἰκήσεις
582 3638 645 3719 γὰρ
670 3637 734 3701 κτέ.
790 3637 870 3702 lbid.
900 3643 964 3704 505
979 3635 1015 3704 G.
1039 3644 1107 3712 Πῶς
1131 3638 1204 3717 γὰρ·
1224 3635 1318 3716 οὐχὶ,

317 3752 351 3830 ἦν
371 3743 485 3837 auec,
498 3761 524 3825 εἱ
544 3755 730 3838 ὀνειδίζοντές
750 3782 790 3836 με
809 3759 874 3823 κτὲ.
924 3755 1020 3842 Soph.
1040 3761 1100 3822 241
1118 3759 1241 3830 ΑμΠῶς
1256 3756 1320 3838 γὰρ

316 3879 349 3944 οὐ
371 3877 585 3958 μανόοένομεν,
622 3877 667 3946 ότι
692 3877 845 3945 πόναντόα
878 3876 970 3959 Φήσει
1005 3873 1109 3956 λέγειν
1138 3853 1222 3958 ἡμᾶς
1254 3855 1319 3942 ari.

315 4001 395 4067 Nam
417 4001 449 4066 in
470 4001 619 4068 omnibus
639 4001 689 4066 his
714 3999 792 4066 locis
811 3996 1007 4085 respondeus
1029 3998 1141 4099 pergit
1157 3988 1260 4084 loqui:
1274 3983 1318 4060 'in

315 4123 421 4209 primo
444 4130 474 4188 et
503 4121 618 4188 ultimo
641 4123 702 4198 ita,
727 4109 783 4198 u't,
818 4120 881 4186 nisi
900 4125 1034 4204 repetat
1062 4116 1195 4184 verbum
1220 4118 1317 4191 ἀπορῶ

315 4252 350 4309 et
374 4242 588 4325 μαιόοένομεν,
613 4242 809 4311 constructio
833 4238 1011 4310 claudicet:
1037 4239 1070 4306 in
1094 4237 1225 4324 reliquis
1248 4233 1316 4312 ita,
