3058 5150
573 579 795 641 ..ῃ-

184 777 221 838 ut
236 775 363 858 praeter
384 763 553 832 formulam
579 763 665 830 illam
685 764 745 830 alia
771 762 887 842 addat,
911 763 967 830 sed
991 763 1116 830 nullum
1137 783 1189 828 vo·

185 890 334 958 nabulum
365 888 426 974 ipsi
459 885 626 951 formulae.
685 885 790 965 Quare
822 886 855 950 in
878 885 959 972 Rep.
987 884 1100 952 5050.
1125 885 1191 950 lor·

186 1012 274 1079 mula
295 1009 349 1074 illa
362 1029 380 1073 a
393 1006 525 1092 reliquis
545 1014 711 1092 separetur
723 1014 795 1092 post
813 1006 888 1088 οὐχί
906 1005 1050 1093 ponendo
1062 1009 1190 1092 signum

186 1129 459 1215 interrogationis.
510 1127 699 1213 Hujusmodi
725 1128 827 1212 igitur
846 1126 931 1193 locos
961 1147 1001 1194 ue
1028 1126 1191 1213 proferas,

186 1253 242 1318 sed
264 1251 368 1338 potius
392 1247 593 1314 conle1·aset
617 1247 800 1314 consideres
827 1247 970 1334 exempla
991 1249 1102 1334 quavis
1126 1245 1192 1312 lere

186 1373 302 1460 pagiua
322 1369 479 1447 obvia,in
495 1367 618 1460 quibus
638 1368 876 1454 simplicissima
891 1369 1048 1434 sententia
1069 1366 1193 1452 simpli·
1309 1359 1313 1369 '

186 1494 269 1559 citer
291 1490 472 1557 affirmatur
492 1489 552 1556 hac
572 1488 723 1555 formula.
781 1491 885 1576 Atque
911 1489 1087 1556 secuudum
1112 1488 1191 1555 baec

187 1604 311 1699 corrige
332 1612 414 1678 Phil.
438 1613 526 1678 5013.
550 1618 618 1684 Πῶς
638 1612 701 1692 γὰρ
721 1614 754 1676 οὐ
773 1609 981 1691 pardalineam
1006 1614 1048 1674 tit
1062 1610 1100 1679 B.
1124 1617 1193 1682 Πῶς

185 1734 248 1816 γὰρ
269 1737 301 1800 σύ
329 1733 450 1816 ῥητέονς
488 1731 582 1818 Soph.
609 1733 718 1798 2550.
743 1735 811 1806 Πῶς
843 1733 905 1815 γὰρ
935 1735 987 1797 οὐκ
1019 1732 1191 1807 &balnearum

185 1856 305 1921 235A.
338 1859 406 1927 Πῶς
431 1853 494 1934 γὰρ
528 1855 561 1919 οὐ
593 1853 710 1930 θετέον,
747 1851 812 1918 Pol.
838 1853 952 1918 autb.
977 1859 1045 1926 Πῶς
1074 1837 1191 1933 yap‘ot

183 1977 291 2053 dritten
327 1971 521 2059 abjiciendo·
544 1973 696 2059 languida
738 1973 791 2038 illa
822 1972 1034 2053 μανθάνομεν,
1069 1971 1191 2055 dandal,

183 2097 355 2169 ἀδύνατον,
380 2095 494 2172 θετέον,
516 2096 620 2169 binos:
645 2093 915 2180 quemadmodum
935 2095 1031 2160 etiam
1049 2095 1082 2158 in
1096 2093 1191 2180 Gorg.

187 2221 252 2280 ibt
281 2213 413 2280 delenda
436 2236 496 2280 vox
522 2214 648 2295 ὑγίεια,
681 2215 838 2301 quamsi
869 2213 1009 2279 scribere
1037 2215 1193 2299 potuisset

187 2335 276 2400 Plato
299 2345 330 2402 ot
354 2337 381 2401 si
403 2337 606 2422 scripsisset,
631 2336 700 2401 sine
725 2335 822 2400 dubio
841 2335 936 2400 etiam
962 2311 1019 2420 pro
1047 2335 1192 2421 proxime

187 2457 333 2542 sequenti
356 2458 476 2536 ὑγιείας
508 2457 691 2543 scripsisset
713 2476 888 2542 pronomen
912 2455 1040 2530 rodana.
1099 2454 1191 2520 Prae·

188 2587 293 2653 terea,
325 2577 527 2664 quodetiam
557 2578 652 2643 latuit
680 2576 817 2654 scribas,
849 2576 1052 2642 scribendum
1079 2575 1192 2641 luisset

185 2707 243 2765 aut
267 2703 336 2770 Πῶς
355 2698 419 2778 γὰρ
448 2700 508 2780 οὐχ
533 2698 654 2776 ὑγίειῶς
679 2698 759 2780 φαίη
784 2696 822 2762 ἂν
852 2698 945 2774 ἴσως,
969 2699 1056 2772 κτὲ.;
1080 2717 1192 2788 secun·

180 2819 262 2886 »dum
281 2818 428 2908 ,Eutbyd
450 2823 512 2884 501
529 2820 562 2885 Β.
587 2829 643 2885 aut
666 2825 734 2892 Πῶς
755 2820 835 2901 γὰρ,
859 2820 940 2902 <buln
958 2818 997 2885 ἂν
1018 2819 1105 2893 ἴσως,
1129 2855 1192 2894 -,
1274 2899 1284 2913 κ

188 2942 247 3019 οὐχ
271 2941 393 3019 sipisim
417 2939 595 3006 secundum
620 2941 696 3026 Rep.
723 2942 836 3006 bbssd.
884 2940 940 3005 Vel
964 2940 1053 3005 locus
1073 2939 1191 3024 igitur,
1274 2971 1278 2978 ·

189 3078 252 3144 quo
273 3063 374 3145 posita
404 3070 454 3127 est
477 3081 536 3125 vox
560 3060 682 3138 cyrena,
713 3061 779 3146 jam
811 3060 918 3147 prodit
942 3060 1075 3126 scribas.
1132 3059 1192 3125 Su·
1275 3129 1278 3136 ,

189 3189 314 3265 penest,
341 3188 376 3244 ut
402 3201 572 3256 moneam,
609 3179 770 3247 interdurn
795 3181 846 3247 his
869 3180 1016 3247 formulis
1040 3179 1192 3266 subjungi

189 3297 287 3364 verba
306 3300 431 3377 μέλλειν
457 3300 506 3364 vel
529 3300 714 3379 βούλεσθαι,
738 3322 820 3387 quae
845 3322 971 3368 movere
990 3322 1051 3366 non
1076 3301 1190 3366 ausim.

189 3419 324 3506 Reliqua
342 3440 440 3507 supra
461 3419 631 3506 exploratis
651 3423 768 3488 similia
788 3422 951 3489 Platonem
971 3431 1134 3495 versantes
1151 3421 1192 3487 ad

188 3541 322 3608 eandem
348 3543 503 3609 rationem
522 3542 709 3629 expediant,
734 3563 773 3608 ne
792 3543 994 3612 cumulemus
1011 3543 1167 3631 exempla.

233 3663 383 3729 Fortasse
418 3681 502 3727 unus
536 3672 568 3729 et
603 3663 701 3744 alter,
732 3666 785 3730 cui
814 3665 954 3732 Platonis
984 3665 1104 3751 scripta
1128 3683 1191 3732 nou

115 3831 119 3838 .
155 3835 158 3840 Δ
191 3784 309 3848 suntin
331 3781 477 3859 deliciis,
498 3783 617 3849 nimiae
630 3804 681 3850 me
699 3785 861 3852 accusabit
882 3785 1043 3852 audaciae.
1069 3784 1191 3852 Verum

191 3906 279 3966 certo
301 3904 386 3982 scio,
411 3923 522 3969 omnes
546 3924 597 3969 me
628 3905 731 3969 omnis
754 3904 905 4000 audaciae
932 3925 969 3972 ac
998 3905 1192 3971 terrenitatis

190 4018 415 4102 absoluturos,
440 4026 466 4090 si
492 4044 619 4091 mecum
646 4023 844 4110 expedierint
870 4024 996 4091 dicendi
1019 4023 1190 4089 formulam

189 4141 286 4208 etiam
311 4141 383 4208 aliis
407 4146 521 4211 Atticis
544 4143 756 4231 scriptoribus
788 4164 850 4210 non
882 4166 954 4211 raro
978 4151 1189 4229 usurpatam,

188 4261 249 4330 sibi
274 4271 361 4331 certe
385 4266 559 4345 notiorem,
583 4285 664 4353 quae
687 4265 807 4352 legitur
831 4267 862 4332 in
888 4264 964 4350 ltep.
990 4262 1109 4330 4981).
1134 4263 1189 4336 Εἷς
