3058 5150
689 567 914 629 ..ππ-

311 754 415 821 Blauto
429 775 498 822 esse
521 777 563 818 z
582 747 693 828 nata,
718 761 775 818 aut
798 754 851 828 ula
871 754 953 831 δίκην
974 775 1043 822 esse
1066 783 1104 824 ;·.
1125 759 1311 827 adunarem?

303 877 368 943 -vel
391 895 484 941 coeco
508 871 655 959 equidem
679 883 756 960 puto
778 875 919 960 liquere,
955 855 1018 942 non
1039 899 1142 965 posse.
1201 881 1241 947 Et
1264 902 1311 948 re·

302 1018 385 1065 -vera
406 996 499 1061 Polus
519 996 551 1059 in
574 994 689 1060 47613.
705 995 898 1080 respondens
917 996 1002 1063 navo
1023 1024 1072 1076 γε.
1098 1000 1137 1065 ad
1154 997 1312 1086 quaestio·

303 1137 383 1185 mem
405 1116 459 1181 Tol
479 1117 510 1182 δὲ
533 1113 638 1182 lineari
659 1139 715 1180 πνν
740 1116 826 1181 aaa&
845 1117 1066 1197 ὡμνλάγνπνννς
1092 1129 1124 1186 et
1146 1123 1179 1186 in
1200 1124 1311 1189 47811.

301 1237 392 1302 ,uoti
430 1236 565 1321 διαφέρει
593 1253 637 1285 “-
669 1239 685 1312 ri
719 1237 796 1311 δίκη.
823 1237 862 1302 ad
894 1241 1111 1324 quaestionem
1136 1243 1180 1307 Τι’
1201 1245 1314 1311 τούτων

303 1357 476 1424 autumo
499 1360 597 1433 ἐσπνν;
627 1356 856 1448 ιιῑνοᾳιιθιΙοοο
888 1361 963 1427 solis
994 1360 1044 1428 his
1068 1366 1228 1449 responsis
1260 1387 1314 1453 ap·

303 1478 421 1566 probat
450 1486 624 1563 utrumque
660 1479 823 1564 epitheton
861 1491 892 1547 et
933 1483 1020 1548 auaui
1058 1492 1090 1549 et
1124 1483 1313 1566 adnuerem,
1353 1465 1362 1478 ’

307 1600 422 1666 deiude
446 1599 614 1678 Socrates,
638 1619 675 1665 eo
705 1599 779 1666 dato
800 1609 832 1666 et
862 1611 985 1679 sumto,
1011 1605 1117 1690 pergit
1140 1621 1312 1690 argumenu

269 1709 273 1726 “
305 1723 381 1787 tari.
442 1720 506 1786 Hac
531 1719 661 1786 demum
694 1721 816 1787 ratione
848 1708 1074 1806 intelligendae
1102 1733 1133 1789 et
1156 1725 1311 1810 iuterpre-

305 1841 421 1907 tandae
441 1850 517 1906 suut
537 1840 769 1927 disputationes
793 1840 987 1908 Socraticae.
1036 1844 1206 1930 [Mittanrus
1226 1864 1310 1910 nunc

297 1963 613 2048 argumentationes.

303 2132 306 2140 .
351 2083 408 2147 llis
433 2082 625 2167 exploratis,
645 2081 712 2167 jam
740 2081 917 2158 audacius,
939 2093 1033 2168 puto,
1062 2085 1127 2151 sola
1151 2105 1308 2172 gramma·

302 2204 368 2269 tica
395 2202 501 2278 duce,
528 2201 671 2266 eluamus
692 2201 834 2287 ejusdam
869 2204 996 2288 generis
1031 2203 1161 2282 sordes,
1194 2205 1311 2292 quilius

303 2322 427 2388 scribae
448 2321 617 2388 foedarunt
636 2341 686 2387 ex.
700 2342 748 2407 gr.
774 2327 838 2388 455
853 2322 886 2388 B.
898 2372 906 2400 ,
920 2323 973 2388 uhi
988 2322 1156 2400 Socrates,
1175 2347 1238 2391 non
1258 2347 1311 2392 ar-

303 2449 516 2532 gumentans,
541 2441 595 2508 setl
616 2445 835 2509 sermocinans
859 2464 932 2510 cum
962 2443 1077 2530 Gorgia
1108 2445 1185 2513 haec
1210 2447 1310 2514 dicit:

305 2569 364 2645 aya
389 2567 443 2640 clau
466 2567 527 2631 cirri
548 2570 602 2638 τῆς
624 2567 775 2645 ῥητορικῆς
795 2566 903 2642 πειθὼ,
929 2564 992 2642 ἥτις
1017 2571 1085 2634 ποτ’
1109 2569 1191 2634 ἐστὶν
1215 2561 1249 2643 ἣν
1272 2571 1310 2635 σὺ

303 2687 428 2764 λέγεις,
453 2685 505 2750 xa}
530 2684 596 2766 περὶ
617 2680 740 2750 ὧντινων
760 2685 955 2764 πραγμάτων
969 2688 1039 2752 ἐστὶ
1067 2689 1176 2764 πειθὼ,
1200 2693 1308 2769 σαφῶς

303 2808 382 2885 μὲν,
415 2803 448 2870 εὖ
470 2803 527 2869 ἴσθ’
551 2801 616 2882 ὅτι,
640 2807 693 2869 οὐκ
718 2801 808 2882 otta,
844 2808 877 2870 νύ
904 2809 965 2883 μὴν
985 2810 1061 2872 ἀλλ’
1085 2806 1243 2873 ὑποπτεύω
1268 2829 1307 2883 γε

279 2919 338 3001 ’ἣν
362 2923 449 3005 οἶμννί
472 2948 506 2988 σε
533 2923 637 3002 λέγειν
663 2923 715 2989 καὶ
748 2924 813 3019 περὶ
836 2921 883 2990 ὧν.
937 2926 983 2991 In.
998 2926 1112 2991 horum
1137 2926 1308 3012 postremis

304 3055 353 3112 est
377 3043 654 3122 additamentum,
678 3064 740 3130 quo
764 3064 890 3130 passum
917 3043 1012 3110 datur
1035 3044 1161 3111 Atticus
1187 3065 1308 3114 sermo.

303 3165 450 3234 Primum
471 3167 555 3231 enim
580 3164 825 3251 nilrilineptius
848 3164 910 3230 dici
932 3175 1035 3252 potest
1058 3185 1154 3251 quam
1173 3149 1217 3231 it'a
1240 3167 1310 3233 dic-

304 3299 395 3354 tum:
420 3287 558 3373 suspicor
579 3285 663 3371 quod
681 3295 756 3371 puto
778 3287 811 3351 te
832 3284 948 3352 dicere.
997 3285 1086 3366 Quod
1108 3287 1170 3372 quo
1190 3286 1308 3354 clarius
1365 3317 1368 3324 ’

305 3415 478 3496 appareat,
503 3394 601 3472 simili
622 3405 840 3472 additamento
863 3406 1073 3493 depravemus
1102 3406 1152 3474 his
1174 3409 1307 3485 similia,

302 3531 475 3605 sedsana,
510 3548 592 3614 quae
622 3527 776 3613 leguntur
807 3529 884 3614 llep.
912 3533 977 3594 598
998 3527 1030 3592 u.
1066 3529 1170 3594 οὔκουν
1200 3533 1307 3603 icatur

304 3655 339 3729 γ’
361 3650 424 3733 ἔχω
449 3652 478 3714 ἕν
501 3649 544 3729 crit
565 3646 689 3728 nuptast
713 3647 931 3726 ξυμβπλέπθννν
964 3654 1028 3714 ποῖ’
1043 3641 1131 3716 ν”νττνν
1162 3651 1209 3715 δεῖ
1225 3652 1308 3727 ἡμᾶς

298 3770 608 3856 Ιλέγειν,.ὑπνπτεν’ω
627 3768 742 3846 μέντοι.
770 3769 829 3834 hoc
852 3768 962 3836 modo:
987 3808 1032 3822 ·-
1047 3771 1214 3854 Λὑποπτεύω
1234 3772 1309 3851 μέν·

305 3913 350 3958 τον
371 3884 410 3955 οἷ’
436 3885 520 3967 cluat
545 3892 628 3969 ἡμᾶς
664 3891 724 3954 δεῖν
755 3889 880 3968 uipera:
906 3909 969 3975 quo
991 3889 1208 3955 additamento
1231 3891 1309 3959 llaec

209 4097 211 4103 A
301 4012 370 4078 illis
394 4007 621 4082 nouloediora
644 4018 740 4074 erunt
769 4030 872 4094 neque
895 4010 1062 4097 ineptiora.
1118 4008 1202 4090 Quid
1220 4016 1306 4078 euim

305 4133 368 4198 sihi
403 4130 513 4197 volunt
538 4131 697 4195 ὑποπτεύω
725 4121 758 4203 ἣν
788 4130 848 4219 (rel
870 4126 919 4220 οἷ’)
942 4127 1026 4208 οἶμαι
1050 4131 1119 4196 -?
1149 4154 1230 4218 quae
1260 4133 1308 4196 vis

305 4251 395 4321 uerbi
420 4250 600 4322 ὑποπτεύειν
620 4259 766 4339 superest
789 4251 834 4319 ita
859 4251 932 4320 cum
955 4249 1051 4317 verlro
1074 4250 1185 4320 electra
1212 4269 1308 4337 oopu-
