3058 5150
592 537 815 648 ,ῥιγ-

199 777 351 864 probato,
378 771 483 860 pergit
517 769 663 849 adalia,
697 780 729 837 et
762 770 858 838 aliam
894 770 1204 858 argumentationem
1288 837 1291 846 Α

200 899 291 984 quiesi
323 901 510 982 praeparat,
536 893 674 971 orriissa,
700 895 747 958 uti
782 894 867 971 dixi,
889 894 1094 970 conclusione
1128 893 1205 966 hac,

200 1038 282 1104 quae
303 1036 364 1080 non
388 1015 510 1086 ἔναυλος
533 1013 637 1078 adlruc
660 1013 815 1079 essePolo
836 1034 896 1080 non
920 1016 1041 1100 potuit:
1064 1014 1205 1098 -llrgo

202 1141 326 1203 όιιοιῶν
354 1133 375 1202 ά
402 1137 484 1200 δοκεῖ
504 1136 588 1215 αὐτῷ
622 1135 687 1198 sire
721 1135 734 1198 ό
761 1133 949 1221 (secundum
973 1133 1095 1221 Polum)
1118 1134 1205 1212 μέγα

202 1255 362 1334 δυνάμενος
385 1275 516 1340 prorsus
536 1276 595 1317 ooo
616 1254 704 1332 μέγα
726 1254 854 1319 δόναιαι
874 1262 934 1320 etc.
961 1254 1078 1343 (4681)
1099 1263 1131 1320 et
1151 1253 1205 1341 Ε).

203 1376 330 1442 Scribas
353 1385 478 1454 autem,
501 1396 561 1440 non
587 1373 797 1460 adsequentes
815 1357 911 1460 hujus
932 1375 1113 1441 dialectices
1134 1375 1206 1440 sub·

202 1495 348 1563 tilitatem
381 1509 413 1563 et
437 1498 568 1562 ommno
599 1515 747 1581 perverse
781 1495 1000 1581 intelligentes
1017 1495 1204 1572 Platonem,

202 1617 302 1683 locum
330 1617 548 1702 depravarunt
569 1618 708 1682 volentes
728 1600 801 1682 eum
820 1615 974 1702 perlicere
993 1599 1025 1682 ¹et
1045 1616 1205 1702 corrigere

200 1738 375 1825 supplendo
396 1745 428 1803 et
454 1737 597 1803 addendo
621 1737 716 1802 verba
741 1738 792 1802 καὶ
817 1743 923 1815 τοῦτο,
948 1741 986 1812 ὡς
1006 1738 1115 1815 ἔοικεν,
1140 1739 1205 1803 ἐστὶ

199 1862 233 1926 τό
260 1860 349 1939 μέγα
374 1859 517 1924 δόναοόαι
545 1868 576 1924 el
600 1857 696 1924 verba
724 1858 777 1922 sori
805 1859 929 1940 σμικρόν
955 1858 1121 1937 δόναοόαι,
1147 1879 1205 1925 nec
1293 1883 1295 1888 ·

198 2001 262 2046 non
285 1977 430 2044 voculam
451 2003 508 2054 τε,
541 1986 575 2042 ut
607 1977 730 2043 scilicet
750 1979 947 2044 constructio
971 1979 1126 2064 quaedam
1154 1987 1204 2045 re-¹

198 2104 400 2167 stitueretur.
448 2099 504 2164 His
523 2097 672 2164 omnihus
694 2099 793 2183 igitur
816 2118 891 2167 cum
913 2100 1116 2165 contineatur
1131 2121 1204 2166 con·

199 2221 301 2286 clusio
333 2221 465 2286 minime
503 2220 686 2293 Socration,
730 2239 826 2304 quam
873 2220 950 2298 isti,
986 2218 1204 2288 desiderantes

200 2339 389 2425 quamdam,
412 2343 444 2406 οό
465 2339 588 2418 γνόντες
616 2338 703 2404 άλλά
723 2338 953 2418 στοχασάμενοι
978 2340 1203 2418 inseruerunt,

200 2468 232 2526 et
254 2479 351 2538 cum,
388 2463 525 2547 receptis
558 2461 629 2538 lie,
650 2461 753 2524 omnis
788 2461 985 2525 constructio
1020 2461 1201 2541 claudicet,

198 2581 327 2666 rejectis
344 2591 469 2658 autem,
484 2583 563 2646 bona
584 2582 625 2647 sit
645 2581 864 2660 constructio,
890 2601 945 2644 nos
967 2579 1107 2666 duplicia
1124 2581 1203 2648 haec

197 2701 571 2786 afferentesargumenta
595 2701 699 2767 locum
723 2703 769 2766 ita
786 2700 990 2766 scribendum
1016 2685 1203 2782 censemus,

199 2825 246 2889 uti
268 2843 365 2910 snpra
391 2821 602 2888 ostendimus

243 2943 359 3010 lisdem
392 2945 492 3008 armis
520 2963 753 3029 persequamur
783 2952 815 3010 et
851 2945 1046 3030 castigemus
1080 2944 1202 3012 scribas

199 3081 324 3146 pessum
350 3063 771 3149 dentesargumentationis
789 3065 903 3130 ultima
922 3065 1035 3141 verba,
1053 3085 1137 3150 quae
1160 3066 1202 3133 le·
1307 3126 1313 3141 .

199 3188 320 3265 guntur
342 3185 374 3246 in
396 3183 490 3269 Gurg.
510 3189 574 3258 478
588 3183 620 3250 C.
668 3196 706 3250 Σ.
728 3185 881 3263 Μεγάλου
902 3187 964 3268 γάρ
980 3192 1075 3252 κακοῦ
1095 3189 1203 3252 άααλ-

198 3301 375 3376 adereat,
398 3303 474 3368 ὥστε
509 3271 849 3385 λυοιοελεῗόποαεῖναι
874 3311 928 3384 τὴν
955 3309 1114 3386 άλγνδόια
1149 3311 1202 3374 καὶ

199 3425 284 3501 ὑγιεῖ
304 3418 390 3486 εἶναι.
437 3433 475 3487 Π.
490 3430 557 3497 Πῶς
578 3427 639 3505 γάρ
657 3427 698 3491 cd.
748 3427 866 3517 Verum
886 3434 921 3492 ut
944 3427 1103 3494 hiclocus
1123 3429 1203 3495 hene

198 3541 418 3627 intelligatur,
432 3551 518 3609 totus
530 3544 639 3625 λόγος,
653 3549 710 3633 qui
725 3547 843 3633 legitur
856 3548 887 3612 in
909 3553 975 3614 476
988 3551 1013 3614 A
1026 3587 1071 3598 -—
1084 3555 1148 3616 479
1162 3551 1202 3628 n,

200 3664 385 3728 summatim
417 3662 624 3734 exhibendus.
690 3668 834 3750 Quatuor
863 3671 964 3754 igitur
995 3670 1064 3754 ejus
1097 3680 1203 3756 partes

202 3791 295 3847 sunt:
319 3784 424 3870 prima
457 3782 713 3866 demonstratur,
737 3790 960 3858 obstinaciae
986 3792 1096 3858 διδόναι
1120 3794 1203 3870 δίκην

201 3919 271 3964 esse
293 3929 334 3968 z:
361 3904 473 3978 κακίας
507 3908 613 3984 ψυχῆς
642 3910 902 3978 ἀπαλλάττεσθαι
938 3914 1201 4000 (lness'iodea

200 4015 308 4085 verbis
338 4023 371 4085 τὸ
398 4023 507 4090 διδόναι
542 4025 626 4101 δίκαι
656 4029 707 4092 καὶ
732 4032 766 4096 τό
790 4032 1007 4122 αολάζεσόαι);
1045 4034 1202 4111 secunda,
1240 4083 1243 4088 ·

200 4141 284 4206 hanc
301 4146 409 4220 ψυχῆς
429 4147 540 4212 κακίαι
560 4167 629 4213 esse
645 4173 691 4213 =
708 4153 857 4231 μέγιστον
874 4156 967 4221 κακόν
991 4157 1045 4245 (47
1051 4162 1067 4220 7
1082 4159 1106 4220 A
1128 4156 1202 4221 inde

199 4262 349 4329 averbis
367 4260 439 4343 qAp'
457 4264 505 4332 οὖν
531 4275 582 4336 τοῦ
607 4272 787 4364 seculorem:
813 4277 926 4354 tertia,
952 4277 1006 4351 τὴν
1030 4277 1112 4352 δίκαν
1131 4297 1202 4342 esse

926 4409 928 4414 ·
971 4397 983 4432 2
