3058 5150
668 595 892 655 „pp-

285 753 389 847 meoni
427 771 618 845 senteniiam
662 780 704 845 sit
750 779 863 858 κακὸν,
909 786 942 845 et
983 779 1045 846 alia
1087 781 1286 869 hujusmodi,

285 921 350 967 nun
379 899 523 966 videntes
559 919 611 966 me
656 900 690 965 ri
726 900 889 966 ἀδικοῦνται
932 900 1042 969 διδόναι
1079 904 1161 980 δίκην
1198 925 1288 992 repo-

285 1023 320 1088 ni
335 1021 480 1107 jussisse.
541 1019 659 1086 Verum
687 1040 790 1118 neque
825 1041 843 1106 a
879 1041 930 1088 me
960 1025 1080 1109 scripio
1105 1025 1290 1112 intelligunt

286 1159 389 1227 neque
413 1141 501 1226 ipsas
521 1133 816 1240 argumentationes
837 1141 1027 1209 Socraticas.
1077 1143 1291 1224 Quemadmo·
1355 1189 1357 1196 -
1422 1145 1428 1160 '

275 1259 364 1360 dum
385 1262 487 1346 igitur
507 1231 653 1327 Socrirtcs
674 1261 706 1326 in
729 1262 842 1329 trud.
861 1273 957 1343 ante,
973 1283 1068 1350 quarn
1085 1284 1124 1330 ex
1143 1267 1299 1333 omnibus

241 1422 246 1430 ·
286 1385 341 1447 τοῦ
367 1381 464 1461 λόγον
493 1381 637 1468 partibus
664 1381 793 1448 deducit
823 1383 1077 1489 conclusionem,
1105 1389 1292 1454 summatim
1392 1370 1395 1378 ¹

287 1504 331 1569 roi
354 1505 389 1569 ἐν
408 1507 461 1569 τοῦ
484 1503 812 1582 adconmodatum
832 1504 1069 1586 σνλλνγίζεταν,
1093 1527 1123 1574 ν,
1138 1527 1165 1572 c.
1191 1508 1293 1582 ›icidi-

288 1621 343 1690 airt
365 1639 408 1685 ..τ’
425 1624 573 1703 μέγιστον
595 1625 688 1689 κακὸν
705 1643 743 1690 ex
767 1624 906 1693 secunda
926 1631 979 1693 τοῦ
1002 1625 1098 1706 λόγον
1118 1632 1225 1714 parte,
1251 1627 1293 1692 ad

289 1740 427 1817 eundem
451 1744 517 1812 iure
548 1743 677 1810 modum
714 1765 771 1811 nos
799 1746 916 1813 litteris
948 1739 1096 1824 utentes,
1121 1749 1168 1812 uti
1192 1746 1295 1812 solent

279 1866 530 1942 mathematici,
554 1867 683 1945 omnia,
707 1885 790 1951 quae
811 1865 1074 1933 demonstrantur
1093 1868 1126 1932 in
1147 1865 1295 1933 omnibus

290 1995 429 2074 quatuor
454 1985 509 2052 τοῦ
534 1987 629 2067 λόγον
653 1987 822 2074 partibus,
856 2004 953 2075 supra
979 2009 997 2052 a
1020 2007 1072 2054 mc
1103 1987 1294 2075 descriptis,

289 2107 541 2193 complectamur
572 2107 636 2174 his:
672 2106 910 2196 ll(seoundum
947 2103 1123 2204 τοῦλόγου
1156 2111 1293 2195 primam·

288 2229 430 2314 partem)
464 2229 478 2292 ὃ
513 2226 623 2294 rilinde
653 2227 736 2304 δίκην
768 2229 865 2301 διδοὺς
892 2249 931 2308 ·..,.··
958 2230 982 2293 Ιι
1013 2229 1295 2310 ἀπαλλαττόμενος

287 2351 341 2413 τοῦ
369 2346 557 2436 (secundum
591 2347 725 2414 alteram
755 2358 787 2415 et
818 2347 961 2436 tertiam)
995 2351 1147 2428 μεγίστου
1176 2358 1293 2418 uacci:
1369 2392 1374 2404 ·

289 2467 313 2532 P
339 2467 529 2556 (secundnm
553 2467 680 2536 easdem
710 2477 742 2534 et
762 2469 924 2558 quartam)
961 2472 977 2534 i
1001 2473 1110 2538 ἀδικῶν
1132 2447 1181 2550 iti
1200 2473 1296 2544 διδοὺς

288 2589 373 2664 δίκην
390 2609 435 2655 e:
458 2589 548 2668 roo
566 2589 847 2668 ἀπαλλαττόμενος
883 2589 996 2676 hujus,
1009 2591 1160 2671 μεγίστου
1181 2596 1297 2658 κακοῦν

287 2709 312 2774 L
339 2709 530 2798 (secundnm
563 2711 726 2799 quartam)
763 2712 777 2776 ὃ
807 2712 915 2778 ἀδικῶν
941 2712 1229 2791 ἀπαλλαττόμενος
1253 2729 1293 2775 :·:

289 2828 316 2896 G
351 2829 460 2894 minus
489 2828 617 2908 infelix,
650 2830 807 2912 δεύτερος,
831 2839 864 2896 ei
890 2831 916 2896 'l'
950 2835 964 2898 ὃ
998 2832 1081 2920 (scil,
1105 2829 1226 2918 rilinde)
1249 2828 1293 2907 μὴ

289 2947 574 3031 αταλλαττόμεννς
611 2969 653 3008 2:
688 2949 917 3028 Ninielicior,
945 2950 1081 3017 recimero
1102 2949 1147 3034 ζῇ.
1207 2949 1296 3030 Quae

289 3072 496 3158 paucissimis
520 3073 640 3158 scripta
664 3080 759 3138 sunt:
783 3072 811 3137 ll
832 3081 881 3138 est
894 3093 935 3137 ·..·
948 3072 991 3150 L,
1014 3070 1070 3137 sed
1086 3071 1111 3136 L
1128 3087 1173 3130 =
1196 3069 1243 3148 G,
1263 3075 1296 3136 et

289 3192 377 3259 Posi
399 3213 438 3253 =
457 3191 502 3269 Τ,
525 3193 580 3289 scd
603 3193 628 3257 Τ
651 3192 748 3258 :it
808 3193 933 3277 Ergone
954 3193 982 3259 Κ
1005 3201 1055 3259 est
1082 3211 1121 3253 ε
1147 3192 1255 3258 ilie.
1281 3193 1296 3256 d

291 3314 403 3380 ἀδικῶν
429 3311 513 3389 δίκην
532 3311 627 3385 διδοὺς
647 3339 691 3380 =
714 3313 822 3378 minus
843 3311 978 3378 infelix?
1002 3321 1036 3378 et
1053 3313 1168 3378 P=N
1191 3314 1214 3379 i.
1228 3333 1256 3379 e.
1280 3313 1296 3376 d

290 3431 402 3510 ἀδικῶν
417 3435 462 3512 ni
482 3433 577 3505 διδοὺς
601 3433 739 3510 diano:
753 3431 929 3500 infelicior?
967 3435 1043 3500 ,lam
1060 3433 1222 3500 nullaalia
1244 3448 1295 3497 ra·
1376 3415 1380 3433 ’

289 3557 377 3622 tione
390 3553 526 3632 clariuS,
550 3555 678 3640 opinor,
702 3570 857 3640 apparere
873 3561 993 3640 potest,
1012 3553 1295 3620 P=Nadessein
1357 3529 1369 3554 '
1452 3533 1458 3549 ⁹

292 3674 517 3754 conclusione,
541 3681 611 3740 tum
635 3673 732 3738 etiam
757 3673 782 3739 G
806 3661 934 3750 adesse,
957 3676 1166 3759 posteriorem
1187 3679 1295 3738 autem

290 3803 417 3884 partem
452 3799 506 3861 τοῦ
541 3795 569 3860 Κ
602 3783 767 3860 ascribis
796 3794 949 3860 omissam
985 3811 1064 3862 csse,
1121 3793 1183 3858 lies
1207 3792 1295 3858 enim

291 3915 401 3984 eodem
426 3913 529 3991 redit,
563 3917 634 3982 sive
654 3915 833 4002 participiis
862 3916 929 3981 siue
954 3913 1121 3980 infinitivis
1137 3913 1204 3979 sive
1223 3912 1296 3981 sub·

291 4038 441 4107 stantivis
455 4043 549 4102 utens
569 4033 678 4101 cadem
697 4037 873 4122 exprimas:
887 4035 943 4102 sed
956 4010 1109 4100 onniaitn
1130 4033 1296 4120 hujusmo-

290 4160 324 4226 di
359 4156 692 4244 argumentationibus
720 4165 817 4222 ruant
849 4169 978 4224 necesse
1011 4163 1080 4234 est,
1112 4157 1140 4222 si
1160 4152 1293 4223 unomt

290 4284 400 4352 λδνιῶν
419 4278 601 4377 significare
625 4280 726 4370 possit
748 4277 827 4348 haec
847 4281 990 4358 ναδικῶν
1008 4279 1203 4374 δίκηνδνδνὺς
1215 4327 1224 4354 ,
1238 4279 1295 4342 aut
