3058 5150
672 521 895 584 ..56..

186 789 189 798 ¹
278 714 342 784 πῶς
360 727 486 797 urgeas.
532 706 605 774 dam
621 704 787 774 rideamus
804 705 844 774 de
864 705 957 794 Gorg.
972 712 1044 775 ets
1056 708 1089 776 G.
1136 709 1286 778 Socrates

279 831 340 898 hoc
361 830 447 918 agit,
478 834 516 894 ut
543 835 637 914 cogat
666 826 817 915 Gorgiam
841 825 970 896 omnem
993 829 1166 899 verborum
1185 831 1288 898 ambi·

280 952 439 1040 guttatam
464 946 594 1016 tandem
619 949 753 1016 missam
783 947 889 1017 faeere
913 958 945 1017 et
965 949 1084 1018 diserte
1107 951 1290 1040 explicare,

283 1071 401 1160 quibus
424 1072 442 1148 ἡ
461 1073 613 1153 ῥητορικῆς
635 1070 725 1136 πειθὼ
739 1088 766 1154 ,a
789 1068 924 1157 reliquis
946 1067 1144 1159 reliquarum
1168 1072 1292 1139 artium

284 1191 411 1260 diversa
440 1191 484 1258 sit
510 1196 544 1257 et
573 1189 800 1276 dignoscatur,
833 1195 911 1256 cum
942 1209 1006 1258 nou
1037 1170 1102 1258 una
1133 1191 1177 1258 sit
1200 1192 1292 1260 πειθὼ

284 1329 390 1398 neque
410 1311 509 1378 unius
526 1309 628 1390 artis,
651 1308 708 1377 sed
725 1309 835 1398 plures
852 1309 997 1397 plurium
1016 1311 1147 1379 artium.
1197 1310 1293 1399 Gogit

284 1431 387 1518 igitur
408 1449 505 1510 eum,
530 1438 567 1498 nt
586 1427 703 1497 melius
721 1427 913 1517 respondeat
932 1438 964 1497 et
983 1429 1115 1500 definiat
1135 1434 1190 1508 rto
1211 1437 1295 1516 poro·

284 1560 367 1636 ρικῆς
385 1549 597 1632 cartd,.dum
619 1571 695 1618 eum
717 1550 923 1639 paucissimis
942 1552 1049 1620 verbis
1072 1553 1158 1639 cogit
1181 1551 1294 1633 fateri,

285 1675 314 1742 si
337 1680 471 1760 rogatus
492 1691 542 1740 ex.
565 1691 615 1759 gr.
639 1673 710 1759 quis
731 1673 890 1758 pictorem
913 1681 959 1738 est
981 1672 1129 1739 Zereia?
1164 1692 1294 1762 respon·

231 1852 234 1860 f
285 1794 387 1862 disset
407 1795 436 1860 ir
454 1793 508 1880 qui
528 1791 681 1860 odoratio
698 1791 826 1880 pingit,
849 1792 909 1859 hoc
932 1811 1123 1880 responsum
1144 1811 1209 1861 non
1229 1791 1295 1862 sui·

176 1909 178 1916 ’
287 1915 406 1996 ficere,
429 1911 485 1981 sed
508 1912 571 1980 alia
601 1911 747 2000 indigere
768 1913 976 1999 quaestione,
1010 1932 1075 1999 qua
1101 1914 1136 1980 in
1166 1914 1295 1982 univor-

287 2053 362 2104 sum
379 2042 571 2123 quaeratur,
594 2035 739 2122 quaesit
762 2032 912 2100 zeuxidis
931 2040 1087 2120 tanquam
1105 2034 1294 2102 animalium

286 2157 421 2246 pictoris
443 2155 670 2232 rortwrresse
687 2154 774 2221 enim
799 2172 863 2222 nou
886 2172 988 2220 unum
1011 2153 1201 2222 animalium
1224 2155 1294 2242 pie-

287 2286 410 2356 torem,
433 2275 490 2344 sed
513 2275 631 2364 plures.
675 2273 763 2356 Quae
787 2293 861 2342 cum
885 2275 929 2341 sit
958 2273 1093 2362 simplex
1128 2276 1294 2362 quaestio,

288 2397 400 2487 quales
419 2364 533 2486 qdaris
553 2395 620 2464 iere
638 2396 756 2483 pagina
778 2394 976 2472 obriasesse
1002 2394 1162 2475 diximus,
1187 2398 1293 2484 requi·

288 2519 376 2586 nitur
393 2525 458 2594 πῶς
477 2537 536 2605 pro
555 2521 625 2585 roo.
672 2517 714 2584 ut
730 2509 888 2604 potuisset
906 2534 983 2583 sane
1000 2514 1164 2594 Socrates,
1183 2518 1213 2585 si
1230 2537 1294 2586 non

154 2668 160 2680 ·
288 2640 394 2730 ample
417 2640 473 2708 sed
495 2641 530 2706 in
552 2638 741 2707 universum
769 2657 839 2706 eam
861 2639 935 2723 {rem
967 2643 1163 2717 tractasset,
1194 2639 1293 2708 etiam

289 2763 325 2828 in
349 2765 414 2828 455
434 2762 472 2826 Α.
507 2760 557 2826 uti
583 2759 769 2845 quaestione
802 2757 893 2824 colar
928 2757 964 2834 δὴ
986 2757 1040 2824 aa>
1074 2764 1137 2832 πῶς
1169 2758 1295 2839 adram

289 2890 459 2972 postquam
483 2878 617 2964 Gorgias
644 2896 794 2945 assensus
814 2886 905 2956 erat,
929 2878 1024 2947 aaran
1043 2897 1115 2946 esse*
1136 2879 1192 2955 τὴν
1210 2885 1294 2963 ῥητο-

291 3011 373 3086 ρικῆς
395 2999 632 3087 πραγματείαν.
687 2997 750 3066 Sed
775 2999 942 3067 enucleate
968 3007 1002 3066 et
1034 3000 1193 3086 gradatim
1218 3000 1296 3068 haec

290 3130 436 3203 tractat,
469 3131 502 3190 et
523 3123 629 3190 utitur
651 3120 715 3187 illis
740 3121 807 3203 περὶ
831 3121 864 3187 cl
886 3128 919 3187 et
940 3121 1006 3203 περὶ
1029 3123 1117 3190 sirco
1144 3127 1296 3206 onyca·

290 3251 461 3312 concerto
484 3241 615 3310 consilio
634 3240 709 3318 hoe,
732 3247 770 3306 ut
792 3238 925 3326 Gorgias
952 3242 1144 3330 respondeat
1166 3243 1296 3312 tandem

291 3365 372 3433 haec
382 3403 429 3418 -
439 3363 505 3446 περὶ
524 3361 656 3439 τούτων,
671 3359 694 3428 o‘c'
711 3361 775 3428 ἐστι
796 3360 901 3427 δίκαιά
912 3387 948 3428 τε
960 3363 1013 3428 καὶ
1031 3362 1125 3430 ἄδικα
1138 3363 1215 3454 (454
1227 3365 1298 3453 Β.),

291 3485 378 3554 unde
405 3482 518 3550 deinde
554 3481 712 3568 reliquam
748 3480 998 3569 disputationem
1033 3485 1126 3571 quasi
1162 3484 1295 3552 derivet.
1411 3493 1418 3502 '

291 3583 466 3692 Postquam
482 3603 568 3670 cuim
588 3601 722 3686 Gorgias
745 3600 786 3666 ad
809 3601 948 3687 primam
970 3604 1188 3688 quaestionem
1214 3604 1293 3692 (περὶ

289 3726 325 3794 τί
346 3723 522 3791 rhetorices
541 3741 594 3791 ars
613 3720 773 3809 versatur)
802 3722 855 3788 rin
878 3721 938 3788 hoc
961 3723 1150 3809 ambiguum
1165 3744 1296 3813 respon-

293 3866 366 3916 sum
388 3843 477 3910 dedit
494 3842 561 3926 cepi
581 3841 693 3920 λόγους
716 3840 880 3932 (mid),
904 3851 937 3908 et
959 3843 1000 3909 ad
1016 3844 1190 3912 secundam
1215 3844 1295 3935 (περὶ

294 3968 326 4034 τί
350 3965 385 4062 hi
407 3962 494 4042 otyor
524 3960 706 4049 uersentur)
734 3960 794 4028 hoc
821 3980 922 4048 aeque
945 3962 1132 4048 ambiguum
1163 3965 1230 4047 περὶ
1254 3964 1298 4031 τὰ

294 4083 505 4168 μέγιστακαὶ
529 4079 639 4164 ἄριστα
661 4081 735 4168 (451
751 4081 803 4170 Π.)
828 4082 848 4149 i.
862 4103 889 4149 e.
913 4085 950 4154 nd
975 4082 1087 4151 πείθειν
1108 4095 1172 4160 τοῖς
1192 4084 1296 4165 λόγοις

295 4211 373 4299 (toa
386 4205 452 4295 u),
478 4203 625 4274 Socrates
637 4202 767 4272 tandem
787 4219 961 4291 quaerens,
986 4206 1052 4288 περὶ
1069 4206 1297 4276 atheromata
