3058 5150
680 556 904 616 ..red

290 739 408 820 doctor
430 763 465 806 τε
488 736 564 804 elom
588 717 640 804 κννὶ
664 745 769 818 τοῦτο,
792 744 830 813 ὡς
854 739 966 818 ἔοικεν,
988 743 1052 810 ἐστὶ
1073 745 1108 810 τὸ
1130 745 1218 822 μέγα
1243 745 1292 812 δυ’·

290 864 420 932 teate·
446 863 471 928 εἰ
494 861 526 927 δὲ
557 862 626 940 μὴ,
660 861 755 928 netur
776 861 830 928 uel
853 862 981 944 σμικρὸν
1002 863 1181 932 soractae·
1206 863 1293 946 Quae

289 983 380 1050 Plato
400 983 445 1048 lta
469 979 614 1048 scribere
637 1001 698 1047 non
719 983 834 1068 potuit.
882 983 1078 1070 Interpretcs
1101 993 1294 1052 tamennon

288 1110 416 1172 tantum
432 1100 668 1170 anacoluthi'am
683 1101 932 1182 hallucinantem
951 1104 1007 1170 sed
1026 1105 1123 1180 etiam
1144 1123 1293 1172 mancam

287 1226 415 1314 ellipsin
439 1225 572 1293 scilicet-
593 1245 651 1312 per
675 1224 932 1304 anacoluthiam,
957 1223 1035 1292 lraec
1062 1197 1169 1293 omnio
1189 1227 1294 1294 Platea

289 1346 530 1424 ninimirum,
553 1353 683 1432 practer
706 1365 827 1421 unum;
851 1347 973 1433 optime
995 1346 1035 1413 de
1056 1347 1169 1413 critica
1193 1345 1295 1413 Pleto-

289 1469 365 1538 nita
383 1469 556 1548 meritum,
578 1491 610 1532 rr
631 1487 690 1553 pro
708 1491 745 1533 τε
767 1467 973 1535 scribendum
994 1469 1051 1556 qni
1071 1475 1191 1535 censet.
1232 1467 1296 1534 Sed

288 1588 443 1678 quidhoc
464 1589 645 1654 mutatione
666 1587 874 1674 proficimus?
910 1587 1019 1676 Neque
1039 1591 1144 1676 magis
1162 1587 1295 1656 audien-

288 1709 427 1796 eosqui
453 1708 507 1774 uel
540 1709 634 1775 νινιιὸν
660 1728 720 1794 pro
741 1709 835 1774 καινὸν
863 1710 915 1776 uel
940 1709 1039 1776 scribi
1058 1709 1160 1796 jubet.
1215 1711 1295 1791 Quis

228 1924 231 1930 ,
290 1831 377 1898 enim
400 1828 483 1896 vidit
506 1829 540 1894 in
564 1829 678 1915 quovis
698 1829 760 1895 alio
778 1836 909 1896 auctore
933 1829 1040 1898 Attico
1057 1830 1184 1918 ellipsin
1203 1829 1295 1896 simi·

289 1951 352 2018 lem
375 1951 427 2028 ei,
450 1968 533 2036 quae
556 1958 604 2016 cst
628 1950 662 2016 in
687 1951 859 2036 posteriori
885 1949 985 2036 hujus
1010 1949 1133 2038 periodi
1152 1948 1296 2016 membro
1382 1927 1388 1939 ⁸
1424 1929 1426 1938 ¹

291 2073 317 2137 ri
334 2071 366 2137 δὲ
385 2071 564 2150 pinaculo
590 2069 672 2158 (soil.
694 2066 783 2158 εἶναι)
809 2071 862 2137 καὶ
885 2069 968 2161 (scil.
993 2077 1100 2148 τοῦτο,
1124 2074 1164 2146 ὡς
1187 2069 1294 2146 ἔοικεν,

291 2191 357 2258 ἐστὶ
386 2190 433 2279 τὸ)
462 2192 586 2272 σμικρὸν
610 2189 778 2257 &mortuil
826 2191 867 2258 Ut
890 2193 993 2278 igitur
1023 2190 1205 2259 semborum
1231 2209 1296 2257 ma·
1404 2256 1407 2261 .

289 2330 371 2378 num
391 2329 556 2396 agnoscas*
570 2329 704 2397 eamque
721 2331 848 2378 mecum
870 2331 891 2376 a
913 2311 1054 2379 Platonis
1075 2331 1175 2378 mann
1187 2311 1298 2397 digno·

291 2451 362 2500 scas
384 2433 485 2499 totins
508 2431 606 2518 hujus
621 2431 691 2498 -loci
714 2451 827 2500 sensus
847 2431 1100 2518 investigandus.
1149 2431 1297 2499 Socrates

290 2553 344 2622 hic
367 2573 431 2620 nen
452 2573 566 2620 novam
592 2554 735 2620 instituit
752 2554 1064 2640 argumentationem
1088 2571 1193 2640 neque
1209 2571 1298 2620 novo

291 2675 398 2741 utitur
419 2682 631 2760 argumento,
666 2673 737 2741 secl
753 2693 816 2760 quo
845 2693 945 2761 snpra
979 2675 1162 2740 convicerat
1185 2671 1298 2740 Polum

291 2793 372 2861 lalsa
396 2795 516 2861 sentire
535 2793 672 2877 eundem
703 2794 917 2860 reluctantem
942 2793 1054 2860 eodem
1082 2795 1200 2860 iterum
1224 2813 1297 2859 con·
1322 2855 1331 2882 ι,

291 2915 404 2984 vincit.
458 2913 567 2993 Norba
589 2915 678 2980 enim
701 2913 798 2982 uttan
820 2911 863 2980 ιιῖν
885 2913 958 2980 lucc
981 2913 1099 2980 clarius
1123 2910 1299 2980 ostendunt

291 3038 458 3124 superiora
492 3035 632 3123 respici,
667 3042 699 3102 et
729 3012 861 3122 quidem
892 3033 980 3100 illam
996 3021 1299 3120 'argumentationis

290 3131 437 3245 partem,
448 3154 668 3245 quaclcgitur
687 3156 721 3220 in
734 3159 800 3220 468
812 3155 892 3220 mn.
927 3150 1060 3252 locedii
1077 3153 1131 3220 hic
1145 3164 1298 3235 tantum,

292 3278 377 3365 quod
401 3297 484 3364 quae
518 3295 616 3364 supra
645 3277 678 3341 in
702 3275 891 3342 uniuersum
925 3274 1012 3341 diota
1043 3285 1122 3342 sunt
1146 3278 1297 3361 βλνιβερὸ

291 3419 363 3468 esse
392 3396 524 3466 lacienti
555 3394 768 3465 ἀποκτιννύναι
781 3443 790 3476 ,
826 3395 996 3476 ἐκβάλλειν
1022 3404 1111 3494 ειν.)
1143 3417 1181 3463 ca
1203 3395 1298 3462 Polus
1336 3396 1340 3406 ’

292 3517 474 3606 improbare
491 3517 620 3603 cogitur
640 3523 673 3584 et
694 3518 844 3598 praeeo
867 3537 937 3583 csse
960 3517 1188 3603 pronuntiare,
1213 3515 1298 3605 quoti

294 3618 479 3720 ζνμννῦσθνι
507 3637 585 3704 talia
620 3635 792 3703 facientem
819 3653 949 3704 necesse
972 3637 1025 3704 sit.
1084 3636 1166 3704 ilum
1196 3635 1298 3721 igitur

291 3759 390 3828 Polus
418 3759 532 3856 deinde
556 3777 674 3845 negare
696 3778 760 3824 non
782 3758 886 3845 possit
913 3758 1007 3826 νννιιὸν
1026 3777 1095 3826 esse
1115 3757 1159 3848 [rt
1176 3757 1298 3839 ζημιοῦ-

290 3883 385 3960 nter,
409 3879 521 3948 eodem
547 3887 737 3967 argumento
760 3900 795 3947 se
817 3879 993 3946 relntotnm
1019 3877 1125 3955 ridet,
1159 3893 1299 3964 queam

291 4007 348 4072 'tea
363 4003 531 4070 convietus
552 4009 622 4068 erat
638 4003 672 4068 in
693 4003 757 4066 too
769 4001 794 4066 Β
806 4002 891 4080 etti,
910 4002 966 4068 ubi
984 4000 1130 4066 Socrates
1152 4001 1299 4068 tremo·

291 4125 403 4203 =rirar,
439 4123 606 4203 ἐκβάλλειν
628 4130 690 4190 ete.
722 4122 807 4190 νινκνὶ
829 4143 902 4191 esse
929 4122 994 4189 elia
1013 4121 1136 4189 ratione
1167 4121 1299 4190 demon·

292 4256 395 4330 strat,
419 4243 536 4318 deinde
562 4245 835 4333 argumentationi
853 4243 1092 4316 conclusionem
1113 4243 1299 4334 subjungit,
