3058 5150
618 575 842 634 ...51-

101 775 105 786 '
223 769 323 849 φςμοε
348 764 409 844 οὐχ
432 758 540 837 οὗτοςς
572 758 609 826 ln
633 757 715 826 Phil.
744 763 786 824 65
818 759 858 824 Α.
883 757 1017 841 ὀρθότατ’
1045 759 1084 826 ἂν
1106 758 1233 828 librarii

220 887 371 956 lecerunt
394 903 432 949 ex
451 883 536 965 ὀρθῶς
560 879 615 947 οἶν.Ι
654 879 734 946 Nam
759 879 856 944 Attici
880 878 998 966 ultique
1021 879 1163 947 adverbii
1181 901 1253 948 su··

222 1005 417 1094 perlativum
449 1002 528 1068 dant
554 1001 728 1086 corrigenti
752 1000 895 1086 ejusdem
926 1000 1069 1067 adverbii
1100 1003 1234 1088 positivo

224 1134 381 1193 utentem.
429 1126 544 1210 ltaque
563 1123 751 1210 praemissis
773 1123 817 1207 in,
831 1123 966 1209 positivo
985 1143 1033 1188 ex.
1049 1143 1099 1208 gr.
1123 1123 1234 1190 adver·
1285 1119 1287 1123 ’

224 1246 287 1313 biis
319 1247 436 1322 ἀδεῶς,
473 1245 604 1320 cicade,
629 1241 806 1322 πολλάκις,
831 1241 1027 1327 respondens
1054 1244 1160 1310 utitur
1183 1263 1261 1310 eo·-

206 1366 375 1434 'rumdem
410 1365 616 1452 superlativis
651 1363 827 1430 οέδεέοτοιτοο
840 1413 849 1442 ,
881 1364 1108 1442 ἁπλούστατα,
1144 1381 1234 1431 πλεο·
1332 1425 1337 1434 .

127 1475 132 1492 ’
226 1485 346 1560 neimo.
370 1525 416 1538 ·-
441 1485 558 1553 Gonler
592 1483 670 1571 ltep.
689 1489 755 1550 559
773 1485 808 1551 Α.
844 1481 892 1566 ἆρ’
919 1489 952 1551 οὐ
987 1493 1087 1560 καλῶς
1111 1485 1150 1551 ἂν
1182 1486 1235 1551 λε’-

228 1632 354 1687 eorum
377 1613 487 1680 Καλῶς
514 1608 571 1685 μὲν
595 1603 655 1673 οὖν.
715 1611 777 1672 581
800 1606 838 1672 Α.
869 1601 888 1679 ἦ
910 1607 1054 1684 ἐμμελῶς
1079 1605 1119 1672 ἂν
1141 1604 1232 1690 ἔχοις

227 1728 475 1808 ’sensarum
507 1728 564 1806 mv
587 1709 664 1804 οοορ
689 1724 729 1790 ει.
754 1724 856 1802 aare,
887 1725 926 1792 oe
950 1739 1127 1812 quamn,
1151 1727 1234 1796 νον.

228 1855 270 1916 50
284 1848 320 1917 G.
369 1846 464 1915 Talia'
480 1847 552 1913 dieo
573 1845 699 1925 confer,
722 1847 751 1911 'si
767 1845 849 1912 sorte
867 1856 959 1932 putas
979 1849 1010 1912 in
1025 1848 1101 1934 Rep.
1116 1853 1180 1916 608
1194 1847 1232 1916 C.

224 1979 259 2037 et
278 1968 358 2035 Phil.
384 1975 425 2034 65
440 1974 475 2035 Α.
499 1969 679 2054 optativum
697 1987 772 2032 eum
793 1964 831 2032 ἄν
854 1966 975 2053 aliquid
993 1967 1121 2036 demere
1143 1989 1235 2055 posse

227 2088 461 2157 emendationis
483 2089 674 2156 evidentiae.
735 2085 890 2172 Superest
914 2086 1130 2168 nausimus,
1155 2089 1232 2156 Luc.

225 2210 316 2295 Nigr.
335 2217 363 2276 1.
411 2211 531 2277 Verum
555 2211 718 2277 lucianus
741 2211 810 2295 ipse
835 2229 927 2296 saepe
950 2209 1059 2295 lapsus
1082 2196 1152 2288 est}
1176 2212 1236 2276 im·

228 2331 343 2416 primis
374 2331 498 2400 Atticas
532 2329 874 2421 locutiones„qoates
906 2332 1067 2416 persecuti
1102 2347 1234 2410 sumus,

228 2459 365 2516 sectans.
425 2453 529 2538 Igitur
557 2471 686 2529 eeuseo,
713 2471 775 2518 nou
802 2451 991 2536 corrigenda
1016 2471 1084 2518 esse
1108 2451 1161 2518 illa
1187 2455 1234 2520 οὐ

229 2574 407 2650 devenerit
425 2575 674 2661 -ςΜένοοτον
692 2573 749 2652 μὲν
768 2568 835 2650 οὖν,
859 2592 941 2658 quae
961 2573 1138 2642 inPlatone
1156 2571 1235 2639 ferri

230 2713 294 2760 non
319 2677 459 2779 possent,
506 2692 574 2759 Non
595 2692 711 2760 melius
733 2694 862 2778 scripsit
883 2702 995 2760 auctor
1007 2693 1181 2760 Alcibiadis
1194 2695 1235 2761 ll.

232 2818 296 2881 146
310 2815 344 2880 B.
369 2809 418 2896 ἆρ’
439 2815 491 2879 οὐκ
508 2812 547 2879 ἂν
566 2815 651 2895 ὀρθῶς
675 2815 820 2894 λέγοιμεν
839 2842 907 2892 ·-3
931 2826 1004 2881 ΑΛ.
1026 2815 1138 2898 Ὀρθῶς
1162 2813 1235 2894 μέν·

229 2959 275 3000 τοι
298 2939 332 3010 νὴ
357 2935 432 3001 Ala.
491 2933 602 3021 Neque
630 2937 732 3020 igitur
754 2935 832 3002 haee
853 2936 1061 3021 corrigenda:
1096 2935 1151 3002 sed
1175 2937 1236 3002 im-

231 3063 355 3124 mutata
385 3076 449 3121 una
489 3075 565 3122 eum
600 3055 735 3141 reliquis
765 3075 929 3142 perperam
963 3057 997 3121 in
1025 3055 1084 3122 hoc
1112 3055 1237 3143 dialogo

232 3157 395 3261 usurpatis
419 3173 604 3263 hujusmodi
632 3174 778 3244 lornrulis
801 3186 992 3262 argumento
1027 3185 1104 3246 suut
1137 3179 1238 3244 omni·

231 3292 292 3359 ltus
316 3295 458 3364 omnium
488 3295 775 3374 manifestissimo,
799 3297 963 3364 Platonem
988 3317 1051 3364 non
1075 3319 1144 3366 esse
1167 3299 1237 3384 ejus

182 3443 192 3461 x
231 3421 410 3482 auctorem.
460 3414 581 3504 Operae
604 3419 744 3506 pretium
768 3427 816 3484 est
836 3439 910 3486 cum
931 3419 1080 3506 loquendi
1100 3418 1238 3486 formula

230 3573 277 3588 ·-
295 3537 352 3616 μὲν
371 3534 430 3602 οὖν.
455 3535 600 3606 conferre
626 3539 708 3605 hane
728 3578 771 3590 --
791 3541 854 3621 γὰρ
877 3536 938 3606 οὖν.
964 3541 1160 3606 contrariam
1191 3540 1238 3606 illi

231 3657 300 3722 vim
331 3655 512 3722 habentem.
567 3659 647 3726 Vide
682 3660 824 3748 exempla
854 3661 1011 3748 quaedam
1041 3661 1122 3727 Phil.
1149 3662 1243 3730 eod.-

232 3779 338 3862 Σοφίοο
358 3780 418 3858 μὴν
441 3778 493 3842 κν)
516 3783 581 3852 νοῦς
605 3779 676 3845 ἄνευ
707 3775 814 3863 ψυχῆς
838 3786 891 3848 οὐκ
914 3781 953 3847 ἄν
975 3805 1050 3847 πονε
1069 3785 1238 3866 γενοίσθην.

233 3907 298 3962 ΠΡ.
324 3901 371 3964 Οὐ
394 3897 457 3979 γὰρ
478 3895 538 3964 οὖν.
587 3899 625 3965 Π.
649 3937 693 3952 —-
717 3900 782 3967 ἔστι
805 3899 901 3991 (οὗτος
926 3900 1069 3991 ν’·λόγος)
1093 3915 1156 3980 τοῖς
1182 3906 1240 3985 μὲν

234 4018 337 4085 πάλον
356 4019 605 4102 ἀποφηναμένοις
625 4024 662 4095 ὡς
680 4023 730 4089 ciel
750 4029 803 4089 τοῦ
827 4025 941 4097 παντὸς
964 4029 1030 4098 νοῦς
1051 4023 1140 4106 ἄρχεο
1161 4023 1239 4104 ξύμ-

232 4162 341 4221 μοοχος
360 4140 490 4214 ε’νείνονς.
538 4149 602 4206 ΠΡ.
623 4145 715 4208 Ἔνον
740 4145 802 4225 γὰρ
822 4140 895 4228 οὖν.Ι
930 4143 1029 4208 l’lrdr.
1054 4143 1171 4216 stata
1195 4175 1240 4197 ·—-·

233 4261 357 4330 λεκτέον
376 4299 431 4330 -.
481 4271 517 4330 Φ.
541 4264 675 4332 Λεκτέον
700 4266 762 4349 γὰρ
786 4262 845 4332 οὖν.
893 4263 987 4350 Gorg.
1011 4249 1134 4332 titt.
1161 4265 1243 4350 ἔφης·
