3058 5150
664 564 871 624 ..8,

270 749 407 825 ῑιιι.Ιιοο
429 747 598 829 κολάζεται
619 745 782 833 improbo,
808 746 867 815 sed
890 755 1020 827 eontra,
1053 750 1081 817 si
1101 749 1156 820 lrie
1184 752 1272 841 lege·

266 879 360 940 retur
379 871 464 947 δίκαι
488 868 608 948 δίδωσι,
637 866 746 935 nullus
769 866 949 937 dubitarem
973 891 1031 959 pro
1049 891 1088 938 eo
1109 893 1272 961 seponere

266 990 448 1076 κολάζεται.
496 989 612 1057 Videas
634 990 740 1068 enim,
764 997 883 1076 quanta
903 993 999 1059 sitin
1024 992 1075 1060 his
1093 995 1271 1063 disserendi

265 1121 301 1181 et
323 1113 457 1180 omnino
487 1110 616 1178 dicendi
647 1109 821 1190 subtilitas.
879 1111 1039 1180 Utendum
1069 1122 1118 1182 est
1147 1115 1273 1184 Socrati

266 1233 417 1315 mationa,
432 1231 541 1300 δοδάιαο
559 1231 662 1311 δάκοι,
696 1231 751 1298 sed
784 1235 1022 1319 argumentanti
1051 1236 1081 1302 ei
1114 1256 1195 1324 opus
1222 1245 1273 1304 est

266 1353 421 1422 diutione.
435 1353 558 1424 amatae
579 1350 738 1434 κολάζειν,
761 1353 884 1429 δικαίως
905 1353 1089 1436 κολάζεσθαι
1112 1365 1145 1423 ot
1164 1358 1274 1444 impri-

264 1475 332 1544 mis
350 1473 504 1554 conchula
527 1473 667 1551 διααάοοο,
699 1472 785 1541 unde
807 1477 899 1561 quasi
931 1475 1060 1544 hauriat
1087 1477 1275 1564 uel-potius

267 1594 393 1678 derivet
413 1594 563 1682 deinceps
581 1594 634 1661 itte
656 1595 846 1684 (δίκαιαε)
867 1596 1141 1677 sauna-atocio.
1177 1597 1275 1677 Tum,

268 1715 311 1786 ad
330 1715 389 1784 hoc
401 1695 722 1802 nyctu'progressus
739 1718 869 1793 statim,
890 1727 965 1785 ante
985 1737 1088 1804 quam„
1105 1737 1275 1805 argumen-

269 1837 423 1906 tationem
457 1835 638 1915 concludit,
672 1837 785 1904 Polum
813 1839 898 1923 cogit
927 1837 1117 1918 uouemere,
1145 1843 1279 1922 ὠφελεῖ·

268 1959 340 2025 ciat
368 1968 401 2024 ct
430 1957 546 2037 βελτίω
569 1960 624 2035 τὴν
643 1958 937 2042 ψυχδοογάγιοοάοοι
960 1960 1012 2026 τὸν
1034 1960 1117 2036 δίκην
1140 1961 1274 2054 διδόντας

263 2059 367 2165 'idque
396 2077 569 2145 concedere
599 2097 674 2145 aum
699 2079 785 2163 cogit
812 2086 960 2166 repetens
991 2099 1154 2147 summam
1178 2101 1275 2169 argu-

262 2165 479 2266 'incntationis
504 2199 610 2266 trihus
641 2197 756 2280 uerbis.
778 2196 830 2265 hie
858 2197 942 2281 εἴπερ
963 2200 1085 2275 δικαίοις
1105 2200 1275 2282 κολάζεται

268 2320 293 2386 i.
303 2340 336 2387 e.-
352 2318 437 2404 εἴπερ
457 2320 563 2386 nnete
583 2342 625 2380 =
644 2320 731 2388 καλά
749 2339 796 2383 z
807 2320 921 2399 dread
935 2319 1074 2405 πάσχει,
1098 2320 1182 2408 quod
1200 2343 1275 2390 cnm

267 2440 410 2523 αάοχειι
428 2459 526 2528 supra
545 2459 696 2506 assensus
719 2438 813 2505 Polus
832 2460 919 2506 nune
940 2460 1057 2527 negare
1075 2449 1275 2529 nonpotest.

269 2561 396 2643 Quibus
419 2562 464 2628 ita
484 2560 673 2649 exploretis,
703 2571 835 2648 apparet
854 2561 1064 2649 repetendum
1088 2582 1158 2629 esse
1184 2583 1275 2630 voca·

270 2681 383 2750 bulum
404 2682 544 2761 itacius,
568 2681 665 2770 idque
680 2701 745 2748 una
760 2702 836 2748 cum
855 2680 1039 2764 κολάζεται,
1062 2701 1136 2749 cuin
1152 2683 1275 2757 δικαίας

269 2803 384 2870 διδάιαι
400 2802 484 2878 δίκην
503 2821 566 2868 non
578 2809 665 2870 recte
677 2802 823 2880 dicatur,
846 2803 922 2888 quia
933 2802 1044 2870 διδάκαι
1061 2803 1155 2878 diune·
1164 2822 1222 2889 pet·
1240 2821 1275 2869 so

270 2923 309 2990 dt
329 2922 451 2998 δικαίως
474 2930 586 3008 estque
609 2944 648 2988 ει.-
670 2922 793 2994 δικαάιος
816 2921 998 3003 κολάζεσθαι
1028 2921 1202 2990 secundum
1227 2924 1275 2989 in·

267 3038 535 3132 terpretationim
558 3063 577 3108 a
595 3041 728 3109 Socrate
745 3044 968 3128 praemissam.
1004 3042 1109 3128 igitur
1121 3042 1179 3110 liic
1197 3065 1275 3131 quo·

272 3183 335 3252 que
354 3164 449 3250 quasi
476 3163 529 3228 ἐπ’
547 3163 712 3245 αιἰτοφάοςο
727 3162 852 3230 scribae
871 3162 954 3228 male
975 3161 1079 3231 seduli
1097 3163 1276 3252 deprehen·

270 3285 395 3352 duntur
431 3284 464 3350 in
496 3281 607 3369 putido
637 3281 857 3350 additamento
889 3284 904 3350 ά
939 3284 1155 3366 κοκαζάμειοο,
1190 3285 1275 3374 qnod

268 3407 363 3475 oneri
381 3412 430 3472 est
454 3403 551 3472 simul
575 3412 607 3472 et
624 3404 902 3491 argumentationi
925 3412 959 3471 et
983 3406 1135 3472 sermoni.
1182 3406 1276 3472 Utra-

271 3547 336 3615 que
357 3527 446 3604 enim
473 3533 665 3610 argumenta
685 3525 753 3612 jam
775 3524 871 3592 attuli
900 3534 1039 3612 atquae
1063 3526 1276 3612 grammatica

270 3656 305 3715 et
326 3668 409 3736 quae
431 3645 597 3716 dialectica
621 3645 819 3732 suppeditat,
842 3665 916 3712 cum
936 3644 989 3712 hic
1012 3644 1101 3716 locus
1120 3648 1164 3714 ita
1186 3665 1276 3712 com·

271 3778 406 3856 paratus
424 3770 485 3848 sit,
508 3776 546 3836 ut
569 3767 623 3834 illa
640 3768 703 3850 viu⁴
717 3766 914 3834 seorsimab
937 3763 991 3834 his
1014 3766 1121 3834 allerri
1142 3768 1276 3852 possint.

269 3889 422 3959 Nondum
443 3899 551 3957 autem
574 3889 788 3977 grammatica
808 3888 898 3956 nobis
917 3909 1008 3976 opem
1030 3887 1103 3956 tulit
1119 3887 1276 3957 damnan-

270 4012 367 4082 tibus·
382 4013 589 4100 participium
604 4063 617 4092 ,.
636 4011 677 4079 de
699 4031 762 4098 quo
784 4011 875 4097 prius
896 4011 1033 4097 egimus.
1080 4010 1185 4092 Quare
1206 4012 1275 4080 red·

270 4153 387 4202 eanum
409 4132 449 4201 ad
469 4132 528 4199 hoa
550 4133 713 4220 simulque
735 4131 912 4224 secundum
934 4131 1181 4218 grammaticam
1204 4155 1276 4202 ccr-
1369 4157 1373 4163 ·
