3058 5150
618 600 841 662 ...21...

229 794 404 877 pernotum
425 781 515 864 λόγον
537 781 604 849 fieri
622 783 688 868 jam
702 782 770 849 dixi
783 781 1110 864 ,concludenda,vel,
1125 785 1152 849 si
1165 803 1238 850 ma·

228 909 281 989 lis,
296 905 481 974 deducenda
495 907 537 972 sit
553 909 648 971 κακοῦ
661 905 850 984 ἀπαλλαγή.
876 904 995 973 Abesse
1016 906 1117 992 igitur
1128 913 1234 993 potest

229 1030 300 1117 ipsa
329 1028 430 1120 hujus¹
448 1028 562 1092 tertiae
591 1026 692 1112 partis
716 1024 898 1091 conclusio:
928 1045 1041 1092 verum
1065 1046 1101 1093 ea
1124 1026 1238 1094 abesse

103 1169 108 1182 ·
172 1207 176 1224 ,
229 1168 294 1214 non
315 1155 435 1234 petest,
457 1145 612 1213 undciila
631 1144 832 1212 conficiatur.
878 1146 1018 1250 Ineptire
1038 1148 1124 1214 enirn
1146 1147 1238 1214 Plato

231 1288 294 1335 non
317 1274 438 1354 potest,
463 1266 550 1334 nullo
573 1265 706 1332 consilio
729 1265 782 1332 hic
805 1249 960 1332 adhiberis
987 1266 1235 1353 argumentandi

231 1388 413 1456 formulam.
461 1388 545 1454 Haec
569 1396 645 1453 sunt
668 1396 861 1473 argumenta
887 1407 906 1454 c
928 1387 1096 1455 dialectica
1124 1387 1238 1455 Socra·

232 1511 295 1576 tica
317 1512 426 1596 petita.
476 1506 649 1574 Ostendere
673 1497 760 1573 nunc
788 1509 928 1574 con'ahcr
950 1509 1048 1575 etiam
1073 1527 1237 1595 gramma·

234 1633 329 1698 ticam
357 1630 485 1715 egregie
509 1627 584 1693 huic
605 1627 821 1693 emendationi
842 1627 1024 1714 suffragari.
1071 1627 1154 1710 Quid
1177 1630 1239 1716 igi-

232 1759 286 1818 tur
310 1749 372 1816 sibi
395 1748 465 1814 vult
489 1747 566 1813 illud
584 1751 668 1827 ὑγιεῖ
683 1743 781 1813 sirac?
830 1747 970 1815 Verbum
991 1745 1068 1815 εἶναι
1092 1749 1240 1836 proditne

233 1871 397 1948 scribam,
421 1869 616 1936 nescientem
637 1866 713 1953 quid
736 1869 865 1935 intersit
884 1869 968 1935 inter
987 1866 1062 1937 εἶναι
1082 1878 1114 1936 et
1132 1871 1241 1950 γίγνε-

232 1991 329 2060 rtur?
389 1990 422 2055 Si
451 1991 608 2075 scriptum
639 1995 723 2054 esset
754 2007 804 2054 cx.
828 2009 876 2074 gr.
902 1990 935 2055 in
968 1991 1084 2056 477Α.
1109 1991 1124 2055 ὁ
1145 1990 1241 2064 διδοὺς

232 2113 374 2189 δίκνν-
387 2110 759 2194 ὠφελεῖται-βελτίων
780 2112 835 2185 γὴν
859 2110 967 2190 ψυχήν
992 2109 1069 2198 (nnn
1093 2111 1241 2190 γίγνεται

233 2231 303 2320 sed)
328 2234 411 2312 ἐστι,
436 2253 499 2298 non
520 2229 693 2296 absurdius
715 2237 800 2295 esset
820 2247 916 2314 quam
931 2237 980 2296 est
997 2231 1012 2296 ὃ
1031 2229 1242 2312 ἰατρευόμενος

237 2394 286 2406 -
309 2359 475 2439 ὠφελεῖται
490 2405 499 2429 ,
518 2351 596 2418 ὥστε
607 2389 652 2401 -
667 2351 755 2430 dytis
766 2347 843 2416 εἶναι
859 2349 907 2415 vei
929 2350 1035 2436 potius
1047 2352 1090 2432 τῷ
1108 2354 1242 2434 tarpaei-

235 2479 314 2561 μένῳ
327 2517 372 2528 -
382 2457 595 2542 λυσιτελεῖ-ζ
611 2473 696 2552 ὑγιεῖ
714 2467 803 2538 εἶναι.
851 2470 941 2536 Plato
962 2472 1006 2536 ita
1022 2471 1162 2538 scribere
1178 2493 1241 2538 nun

235 2601 352 2688 potuit.
400 2597 525 2664 Dicitur
555 2597 569 2662 i
598 2592 845 2672 ἀπηλλαγμένος
864 2576 959 2660 κακοῦ
982 2633 1028 2646 -
1047 2592 1132 2662 νόσον
1156 2603 1244 2662 recte

176 2751 181 2778 ι
235 2723 324 2801 ὑγιὴς
336 2717 427 2795 εἶναι,
449 2737 511 2782 non
534 2736 608 2782 vero
624 2712 932 2792 ὁοίπαοιλαττόμενος
952 2713 1002 2780 vei
1018 2714 1243 2797 ἰατρευόμενος.

233 2843 313 2908 Vide
335 2845 402 2908 480
419 2838 456 2906 C.
479 2835 530 2903 ἵνα
551 2838 589 2918 δῷ
610 2835 759 2912 discursui
780 2836 869 2914 ὑγιὴς
884 2834 1025 2914 γένηται.
1076 2841 1142 2922 ἥῖἹ
1155 2836 1187 2902 G.
1208 2839 1244 2904 τὸ

235 2964 396 3043 γίγνεσθαι
418 2956 556 3050 (δίκαιον)
579 2957 632 3024 καὶ
652 2954 762 3023 διδόναι
785 2956 878 3031 diurn.
903 2975 1099 3041 quamquam
1120 2955 1153 3021 in
1173 2957 1245 3024 tali·

238 3083 296 3148 bus
325 3102 386 3150 non
417 3101 496 3168 opus
515 3086 564 3146 est
589 3078 754 3162 exemplis.
812 3077 979 3141 Praeterea
1009 3073 1138 3142 dativus
1164 3080 1250 3157 ὑγιεῖ

238 3202 322 3270 solus
340 3205 413 3289 poni
443 3221 507 3268 nnn
536 3205 656 3287 potest,
682 3197 736 3264 sed
762 3198 795 3262 in
814 3195 923 3281 ecdem
952 3195 1077 3282 periodi
1101 3198 1247 3265 membro

238 3324 335 3391 etiam
353 3321 435 3387 alius
450 3322 536 3386 noeis
555 3320 683 3386 dativus
703 3317 786 3384 adsit
806 3337 936 3384 neeesse
954 3325 1013 3384 est.
1059 3313 1245 3403 negandum

237 3445 340 3531 igitur
366 3453 403 3508 Σ.
428 3440 581 3520 Μεγάλου
604 3439 665 3523 ἄρα
689 3442 783 3504 κακοῦ
808 3437 1065 3505 ἀπαλλάττεται.
1114 3431 1244 3524 nnsis

237 3566 301 3647 γὰρ
323 3564 358 3630 οὔ
368 3592 378 3642 ;
403 3601 448 3612 -
470 3562 572 3648 Hujus
591 3565 652 3643 ἀρα
674 3559 802 3645 saepius
822 3579 840 3624 a
860 3557 976 3626 scribis
995 3561 1139 3647 corrupti
1161 3559 1247 3630 inira

238 3686 331 3772 plura
356 3680 499 3770 exempla
521 3661 731 3768 proferemus.

285 3805 489 3873 Occasionem
525 3803 608 3868 hanc
651 3811 776 3881 nact0,·
809 3801 898 3868 lubet
936 3801 1014 3868 mihi
1050 3805 1247 3874 emendatio-

243 3946 315 3992 nem
345 3931 377 3992 in
406 3924 520 3992 4791).
556 3923 703 4003 Δεύτερον
736 3921 785 4003 ἄρ’
820 3923 885 3988 εὀτὶ
902 3930 967 3989 τῶν
990 3931 1091 3992 κακῶν
1121 3929 1245 4008 μεγέθει

243 4048 321 4137 (nun
344 4049 377 4114 τὸ
406 4049 519 4113 ἀδικεῖν
544 4043 612 4133 scd)
636 4045 671 4110 τὸ
694 4043 856 4110 dieucum
889 4041 998 4112 διδόναι
1023 4046 1117 4123 διἀνν.
1148 4065 1245 4133 quam

242 4168 421 4238 clarissima
445 4167 570 4233 ratione
600 4163 734 4250 probare
768 4165 830 4240 iis,
866 4167 922 4250 qui
957 4166 1036 4232 mihi
1070 4167 1247 4255 objiciunt,

243 4309 295 4358 nne
318 4286 395 4356 talia
422 4277 610 4376 scripsisse,
642 4283 728 4376 unde
753 4285 788 4350 ri
818 4284 1039 4364 indicantium
1068 4290 1246 4360 secundum
