3058 5150
593 569 816 635 -na-
931 537 933 542 ’

203 785 254 832 me
275 781 339 830 non
358 761 459 828 nimio
480 758 617 846 quodam
637 757 827 825 emendandi
845 757 954 826 studio
973 759 1130 841 ductum,
1153 760 1210 828 sed

110 893 114 910 ¹
205 886 316 955 cadem
340 880 521 968 corrigendi
545 881 670 946 ratione
693 901 731 946 ac
754 879 872 947 fiducia
898 901 991 948 usum
1020 891 1052 948 et
1082 882 1116 948 in
1138 881 1211 950 rul-

166 1073 169 1080 ,
204 1007 336 1096 garihns
353 1004 403 1069 lis
426 1003 506 1069 etin
527 1001 862 1088 argumentationibus
879 1003 1026 1068 criticam
1049 1023 1210 1071 exercere.

204 1129 292 1195 llaec
322 1133 446 1202 autem,
471 1143 545 1190 curn
570 1123 811 1210 simplicissima
841 1124 920 1189 sint
937 1131 970 1190 et
993 1121 1140 1192 faciliora
1171 1123 1212 1192 ad

204 1246 426 1336 probandum,
451 1244 657 1332 paucioribus
678 1243 798 1310 absolvi
821 1253 985 1330 poterunt.

252 1368 396 1436 Socrates
432 1367 465 1432 in
501 1366 597 1450 Gorg.
628 1369 694 1430 tte
717 1366 753 1430 Α.
789 1364 883 1451 fingit
908 1365 1069 1433 modicum
1102 1386 1214 1434 seeum

205 1485 412 1557 confabulari.
474 1485 508 1552 Si
536 1487 655 1573 igitur,
691 1487 738 1551 sic
762 1485 877 1572 fingit,
912 1484 979 1573 ipse
1003 1495 1215 1574 quaererete

205 1609 343 1688 medico,
368 1627 460 1674 suam
485 1615 588 1673 artem
610 1606 711 1674 multo
735 1607 1000 1693 praestantiorem
1020 1589 1114 1693 quam
1136 1607 1215 1678 Gor·

205 1734 274 1818 gire
304 1739 409 1796 artem
433 1720 659 1816 praedicante,
683 1728 727 1794 Τί
749 1725 798 1794 οὖν
819 1727 948 1808 algam
971 1726 1042 1805 ἧτὸ
1074 1738 1129 1806 τῆς
1158 1738 1215 1804 σῆς

202 1853 316 1934 τέχνης
340 1849 426 1932 ἔργον
456 1848 606 1930 μέγιστόν
633 1851 715 1916 ἔστιν
747 1848 889 1928 ὦγαθόνς
926 1849 967 1915 ad
1000 1849 1077 1918 llaec
1108 1850 1216 1936 pergit

171 2017 176 2026 ·
203 1971 325 2058 lingere
349 1969 509 2036 medicum
534 1970 777 2057 respondentem
803 1977 871 2043 Πῶς
899 1972 962 2053 γὰρ
991 1970 1047 2049 οὒ,
1071 1973 1152 2055 φαίη
1176 1972 1217 2039 ἂν

202 2091 297 2169 ἴσως,
332 2087 353 2155 ὦ
389 2091 569 2173 Σώκρατες,
585 2091 722 2170 ,ὑγίειως
759 2091 792 2156 τί
822 2093 848 2157 δ’
875 2092 941 2157 ἐστὶ
960 2092 1063 2173 μεῖζον
1097 2093 1217 2170 ἀγαθὸν
1282 2083 1285 2086 ’

204 2212 366 2292 ἀνθρώποις
389 2212 521 2294 cigestem
547 2212 654 2278 Etiam
676 2213 709 2278 in
729 2211 781 2276 his
805 2211 930 2280 scribae
949 2233 1117 2300 perperam
1140 2233 1215 2299 sup·
1272 2235 1288 2273 ¹,

206 2331 330 2420 plantes
354 2332 480 2420 ellipsin
510 2334 725 2399 certissimam
761 2333 852 2424 nohis
880 2343 1036 2420 pararunt
1065 2332 1215 2399 ernenda-

210 2455 342 2522 tionem.
388 2455 427 2519 In
446 2453 587 2520 Platonis
611 2453 750 2520 editione
771 2453 940 2520 llidotiana
964 2453 1054 2538 siglis
1075 2453 1216 2520 indicavi

207 2593 330 2641 rocem-
354 2575 458 2654 syres
499 2575 708 2642 omittendam
744 2595 824 2642 esse.
884 2577 1082 2661 Argumenta
1113 2577 1216 2660 igitur

206 2695 395 2762 desiderans
414 2715 502 2762 nunc
525 2715 561 2762 ea
585 2696 705 2762 audiat.
753 2695 812 2762 llhi
842 2695 1001 2762 sententia
1026 2704 1075 2762 est
1096 2695 1217 2782 simpli·

206 2791 359 2897 tissima,
394 2817 546 2904 loquendi
574 2817 731 2884 formulae
759 2824 823 2890 πῶς
854 2818 918 2898 γὰρ
941 2817 997 2893 οὔ;
1035 2824 1099 2892 πῶς
1129 2818 1216 2899 ydra

208 2947 271 3012 πῶς
295 2939 373 3018 3ὀῦ;
398 2939 431 3005 rr'
452 2940 532 3019 μήνς
558 2942 650 3017 sim,
674 2938 791 3024 quibus
810 2946 949 3004 utuntur
968 2938 1217 3024 respondentes,

208 3057 365 3144 elttpticae
389 3068 477 3126 sun.
527 3057 607 3123 vue
638 3058 725 3138 ittam
754 3065 818 3133 em
849 3061 875 3125 n
899 3039 953 3134 οἰκ
976 3059 1075 3125 siniti
1095 3058 1219 3126 aratra-

208 3187 318 3244 mcnto
340 3188 552 3246 oneratama
586 3179 742 3244 scribis
732 3201 765 3244 1n
794 3181 871 3266 Rep.
898 3180 1009 3246 test.
1029 3182 1140 3247 Erro
1170 3178 1219 3248 οὖν

208 3293 290 3372 ὅπως
312 3300 344 3362 orl
367 3298 521 3378 πάμπολυ
546 3299 681 3383 διαφέρει
706 3303 782 3378 γυνη
806 3301 965 3383 ἀνδρὸς
932 3326 987 3376 την
1006 3303 1118 3384 (palem
1149 3307 1218 3373 Πῶς

189 3386 236 3485 δ’
259 3422 291 3485 cri
316 3419 477 3512 Brada'psm
502 3419 610 3484 Prima
635 3426 698 3493 πῶς
722 3422 784 3502 γὰρ
808 3420 863 3509 οὔ;
893 3423 1035 3488 recurrit
1057 3420 1152 3508 paulo
1170 3421 1218 3486 ln·

207 3539 344 3606 lerius'
334 3557 366 3606 tn
385 3540 480 3626 Gorg.
506 3541 619 3608 tta-,C
645 3542 689 3608 Τί
711 3540 780 3608 orla:
804 3543 965 3625 κρίνεις
933 3568 970 3610 συ
994 3543 1142 3623 μέγιστον
1165 3547 1218 3609 cir·

210 3662 331 3742 θρώποις
356 3661 475 3741 ἀγαθὸν
499 3658 576 3727 εἶναι
597 3667 746 3740 recalvom
772 3665 923 3747 φήσομεν.
969 3671 1037 3738 Πῶς
1060 3665 1125 3745 γὰρ
1143 3662 1218 3742 calm

212 3781 279 3862 ἐρεῖ.
326 3783 409 3848 Huic
435 3789 542 3848 aulem
564 3783 593 3847 si
611 3781 822 3870 adscripseris
844 3784 950 3850 simile
967 3784 1046 3870 quid
1063 3785 1130 3852 sio:
1150 3791 1219 3860 noir

211 3901 275 3983 γὰρ
300 3899 371 3980 οὒκ,
404 3905 486 3986 ἐρεῖ,
516 3908 670 3980 sariram
699 3903 767 3988 jam
799 3904 863 3969 tria
897 3903 1028 3972 habebis
1058 3906 1220 3992 erempln‚·

189 4020 385 4108 inquibus
409 4025 535 4092 Atticus
560 4043 665 4091 sermo
687 4023 727 4089 ad
750 4024 884 4091 eandem
908 4027 1065 4093 rationem
1088 4045 1218 4113 pessum

210 4142 308 4210 datus
330 4151 390 4210 cst.
438 4144 507 4226 Quo
534 4147 637 4233 igitur
658 4147 733 4234 jure
756 4165 816 4211 vox
840 4152 984 4225 πλοῦτον,
1008 4148 1037 4214 si
1056 4146 1220 4234 adscripta

209 4273 317 4347 esset,
341 4263 420 4336 lcrri
440 4285 504 4336 non
527 4275 655 4358 posset,
679 4266 790 4338 eodem
809 4288 903 4336 voces
926 4267 1104 4362 adscriptas
1116 4268 1221 4354 tylem
